@IEEEtranBSTCTL{IEEEexample:BSTcontrol,
  CTLuse_forced_etal       = "yes",
  CTLmax_names_forced_etal = "3",
  CTLnames_show_etal       = "1",
  CTLuse_url               = "no",
  CTLdash_repeated_names   = "no"
}