@book{Freidberg2007,
   author = {Jeffrey P. Freidberg},
   doi = {10.1017/CBO9780511755705},
   title = {Plasma Physics and Fusion Energy},
   year = {2007},
   publisher = {Cambridge University Press},
   address = {Cambridge, UK},
}

@article{Baylor2016,
  title={{Pellet injection technology and its applications on ITER}},
  author={Baylor, Larry R and Combs, Stephen Kirk and Duckworth, Robert C and Lyttle, Mark S and Meitner, Steven J and Rasmussen, David A and Maruyama, So},
  journal={IEEE Trans. on Plasma Sci.},
  volume={44},
  number={9},
  pages={1489--1495},
  year={2016},
  publisher={IEEE}
}

@article{Greenwald1988,
  title={A new look at density limits in tokamaks},
  author={Greenwald, Martin and Terry, JL and Wolfe, SM and Ejima, S and Bell, MG and Kaye, SM and Neilson, GH},
  journal={Nucl. Fusion},
  volume={28},
  number={12},
  pages={2199},
  year={1988},
  publisher={IOP Publishing}
}

@phdthesis{Sager2006,
   author = {Sebastian Sager},
   year = {2006},
   school = {Interdisciplinary Center for Scientific Computing, Universität Heidelberg},
   title = {{Numerical methods for mixed-integer optimal control problems}},
   address = {Heidelberg, Germany}
}
@article{Blanken2018,
  title={Control-oriented modeling of the plasma particle density in tokamaks and application to real-time density profile reconstruction},
  author={Blanken, TC and Felici, F and Rapson, CJ and de Baar, MR and Heemels, WPMH and ASDEX-Upgrade team and others},
  journal={Fusion Eng. Des.},
  volume={126},
  pages={87--103},
  year={2018},
  publisher={Elsevier}
}

@article{Baylor2007,
  title={{Pellet fuelling and control of burning plasmas in ITER}},
  author={Baylor, Larry R and Parks, PB and Jernigan, Thomas C and Caughman, John B and Combs, Stephen Kirk and Foust, Charles R and Houlberg, Wayne A and Maruyama, S and Rasmussen, David A},
  journal={Nucl. fusion},
  volume={47},
  number={5},
  pages={443},
  year={2007},
  publisher={IOP Publishing}
}

@article{Garzotti2019,
  title={{Integrated core-SOL modelling of fuelling, density control and divertor heat loads for the flat-top phase of the ITER H-mode DT plasma scenarios}},
  author={Garzotti, L and Belo, P and Corrigan, G and Harting, D and K{\"o}chl, F and Loarte, A and Asp, E Militello and Parail, V and Ambrosino, R and Cavinato, M and others},
  journal={Nucl. Fusion},
  volume={59},
  number={2},
  pages={026006},
  year={2018},
  publisher={IOP Publishing}
}

@article{Lang2018,
  title={{Feedback controlled, reactor relevant, high-density, high-confinement scenarios at ASDEX Upgrade}},
  author={Lang, PT and Blanken, TC and Dunne, M and McDermott, RM and Wolfrum, E and Bobkov, V and Felici, F and Fischer, R and Janky, F and Kallenbach, A and others},
  journal={Nucl. Fusion},
  volume={58},
  number={3},
  pages={036001},
  year={2018},
  publisher={IOP Publishing}
}

@article{Giacomin2022,
  title={First-principles density limit scaling in tokamaks based on edge turbulent transport and implications for ITER},
  author={Giacomin, M and Pau, A and Ricci, P and Sauter, O and Eich, T and Contributors, JET and ASDEX Upgrade Team},
  journal={Phys. Rev. Lett.},
  volume={128},
  number={18},
  pages={185003},
  year={2022},
  publisher={APS}
}

@article{Lang2019,
  title={{Final design of the JT-60SA pellet launching system for simultaneous density and ELM control}},
  author={Lang, Peter T and Nakano, Tomohide and Davis, Sam and Matsunaga, Go and P{\'e}gouri{\'e}, Bernard and Ploeckl, Bernhard and Treuterer, W},
  journal={Fusion Eng. Des.},
  volume={146},
  pages={91--95},
  year={2019},
  publisher={Elsevier}
}

@article{Plockl2013,
  title={The enhanced ASDEX Upgrade pellet centrifuge launcher},
  author={Pl{\"o}ckl, B and Lang, PT},
  journal={Review of Scientific Instruments},
  volume={84},
  number={10},
  pages={103509},
  year={2013},
  publisher={American Institute of Physics}
}

@article{Bemporad1999,
  title={Control of systems integrating logic, dynamics, and constraints},
  author={Bemporad, Alberto and Morari, Manfred},
  journal={Automatica},
  volume={35},
  number={3},
  pages={407--427},
  year={1999},
  publisher={Elsevier}
}

@inbook{Rawlings2017,
  title={{Model Predictive Control: Theory, Computation, and Design}},
  author={Rawlings, J.B. and Mayne, D.Q. and Diehl, M.},
  isbn={9780975937730},
  year={2017},
  publisher={Nob Hill Publishing},
  pages = {5-172},
  address = {Santa Barbara},
}

@phdthesis{Kirches2011,
   author = {Christian Kirches},
   year = {2011},
   pages = {3-115},
   school = {Universität Heidelberg},
   title = {{Fast Numerical Methods for Mixed-Integer Nonlinear Model-Predictive Control}},
   address = {Heidelberg, Germany}
}

@book{Garey1979,
  author = {Garey, M. R. and Johnson, D. S.},
  edition = {1},
  isbn = {0716710455},
  publisher = {W. H. Freeman},
  title = {{Computers and Intractability: A Guide to the Theory of NP-Completeness}},
  address = {New York},
  year = {1979}
}

@article{Pegourie_2009,
  title={{Recent results on the fuelling and control of plasmas by pellet injection, application to ITER}},
  author={P{\'e}gouri{\'e}, Bernard and K{\"o}chl, Florian and Nehme, Hassan and Polevoi, Alexei R},
  journal={Plasma Phys. and Control. Fusion},
  volume={51},
  number={12},
  pages={124023},
  year={2009},
  publisher={IOP Publishing}
}


@article{Na2019,
  title={{On benchmarking of simulations of particle transport in ITER}},
  author={Na, Yong-Su and Koechl, Florian and Polevoi, Alexei R and Byun, Cheol-Sik and Na, DongHyeon and Seo, Jaemin and Felici, Federico and Fukuyama, Atsushi and Garcia, Jeronimo and Hayashi, Nobuhiko and others},
  journal={Nucl. Fusion},
  volume={59},
  number={7},
  pages={076026},
  year={2019},
  publisher={IOP Publishing}
}

@article{Polevoi2002,
   author = {Polevoi, Alexei R and Mukhovatov, Vladimir S and Shimada, Michiya and Medvedev, Sergei Yu and Ivanov, Andrei A and Kukushkin, Andrei S and Murakami, Yoshiki},
   journal = {J. Plasma Fusion Res.},
   title = {{ITER confinement and stability modelling}},
   volume = {5},
   year = {2002},
   pages = {82-87}
}

@article{vanKampen2020,
  title={{A closed-form solution to estimate spatially varying parameters in heat and mass transport}},
  author={van Kampen, Ricky JR and Das, Amritam and Weiland, Siep and van Berkel, Matthijs},
  journal={IEEE Control Systems Letters},
  volume={5},
  number={5},
  pages={1681--1686},
  year={2020},
  publisher={IEEE}
}

@electronic{ITER_CS,
 title = {Central Solenoid},
 month = {August},
 year = {2020},
 url = {http://www.ITER.org/},
 organization = {ITER Organization}
}

@misc{gurobi,
  author = {{Gurobi Optimization, LLC}},
  title = {{Gurobi Optimizer Reference Manual}},
  year = 2023,
  url = "https://www.gurobi.com"
}

@article{Ferreau2014,
  title={{qpOASES: A parametric active-set algorithm for quadratic programming}},
  author={Ferreau, Hans Joachim and Kirches, Christian and Potschka, Andreas and Bock, Hans Georg and Diehl, Moritz},
  journal={Math. Program. Comput.},
  volume={6},
  pages={327--363},
  year={2014},
  publisher={Springer}
}

@inproceedings{Lofberg2004,
    address = {Taipei, Taiwan},
    author = {L{\"{o}}fberg, J.},
    booktitle = {In Proceedings of the CACSD Conference},
    title = {{YALMIP : A Toolbox for Modeling and Optimization in MATLAB}},
    year = {2004}
}

@article{Andersson2019,
  author = {Andersson, Joel AE and Gillis, Joris and Horn, Greg and Rawlings, James B and Diehl, Moritz},
  title = {{CasADi -- A software framework for nonlinear optimization and optimal control}},
  journal = {Math. Program. Comput.},
  volume = {11},
  number = {1},
  pages = {1--36},
  year = {2019},
  publisher = {Springer},
  doi = {10.1007/s12532-018-0139-4}
} 

@article{Bosman2021,
  title={{Model-based electron density profile estimation and control, applied to ITER}},
  author={Bosman, T.O.S.J. and van Berkel, Matthijs and de Baar, Marco R},
  journal={J. Phys. Commun.},
  volume={5},
  number={11},
  pages={115015},
  year={2021},
  publisher={IOP Publishing}
}

@inproceedings{Bosman2022,
  title={{Constrained model-predictive control of the electron density profile in ITER using two pellet injectors}},
  author={Bosman, T and van Berkel, M and de Baar, M},
  booktitle={2022 IEEE Conference on Control Technology and Applications (CCTA)},
  pages={812--818},
  year={2022},
  organization={IEEE}
}

@article{Ravensbergen2017,
  title={{Density control in ITER: an ITERative learning control and robust control approach}},
  author={Ravensbergen, Timo and de Vries, Peter C and Felici, Federico and Blanken, Thomas Cornelis and Nouailletas, Remy and Zabeo, L},
  journal={Nucl. Fusion},
  volume={58},
  number={1},
  pages={016048},
  year={2017},
  publisher={IOP Publishing}
}

@article{Garzotti2011,
  title={{Simulations of density profiles, pellet fuelling and density control in ITER}},
  author={Garzotti, Luca and Belo, P and Corrigan, G and K{\"o}chl, F and L{\"o}nnroth, J and Parail, V and Pereverzev, G and Saarelma, S and Tardini, G and Valovi{\v{c}}, M and Voitsekhovitch, I and Wiesen, S},
  journal={Nucl. Fusion},
  volume={52},
  number={1},
  pages={013002},
  year={2011},
  publisher={IOP Publishing}
}

@article{Vincenzi2015,
  title={{Fuelling and density control for DEMO}},
  author={Vincenzi, P and Koechl, F and Garzotti, L and King, DB and Tindale, E and Bolzonella, T and Lang, PT and Pegouri{\'e}, B and Romanelli, M and Wenninger, R},
  journal={Nucl. Fusion},
  volume={55},
  number={11},
  pages={113028},
  year={2015},
  publisher={IOP Publishing}
}


@article{Bosman2021kalman,
  title={{Kalman filter density reconstruction in ICRH discharges on ASDEX Upgrade}},
  author={Bosman, TOSJ and Kudl{\'a}{\v{c}}ek, O and Fable, E and van Berkel, M and Felici, F and Bock, A and Luda, T and de Baar, MR and ASDEX Upgrade Team},
  journal={Fusion Eng. and Des.},
  volume={170},
  pages={112510},
  year={2021},
  publisher={Elsevier}
} 

@book{Franklin1997,
author = {G. Franklin and J.D. Powell and M.L. Workman},
year = {1997},
edition = {3},
title = {{Digital Control of Dynamic Systems}},
publisher = {Addison-Wesley},
address = {Menlo Park, USA},
isbn = {978-0201820546}
}

@inbook{Hespanha2018,
  title={{Linear Systems Theory: Second Edition}},
  author={Hespanha, J.P.},
  isbn={9780691179575},
  year={2018},
  publisher={Princeton University Press},
  address = {Princeton, USA},
  pages= {11-20}
}

@inbook{Heald1965,
  title={{Plasma Diagnostics with Microwaves}},
  author={M. A. Heald and C. B. Wharton},
  isbn={9780882756264},
  year={1965},
  publisher={R.E. Krieger Pub. Co.}, 
  address = {Huntington, USA},
  pages={120-121},
}

@article{Lazar2006,
  title={{Stabilizing model predictive control of hybrid systems}},
  author={Lazar, Mircea and Heemels, W.P.M.H. and Weiland, Siep and Bemporad, Alberto},
  journal={IEEE Trans. on Automat. Contr.},
  volume={51},
  number={11},
  pages={1813-1818},
  year={2006},
  publisher={IEEE}
}

@article{Sevillano2012,
  title={{Sliding-mode loop voltage control using ASTRA-Matlab integration in Tokamak reactors}},
  author={Sevillano, M Goretti and Garrido, Izaskun and Garrido, Aitor J},
  journal={Int. J. Innov. Comput. Inf. Control.},
  volume={8},
  number={9},
  pages={6473-6489},
  year={2012}
}