@book{schweppe2013spot,
  title={Spot pricing of electricity},
  author={Schweppe, Fred C and Caramanis, Michael C and Tabors, Richard D and Bohn, Roger E},
  year={2013},
  publisher={Springer Science \& Business Media}
}
@article{kirschen2000factoring,
	title={Factoring the elasticity of demand in electricity prices},
	author={Kirschen, Daniel S and Strbac, Goran and Cumperayot, Pariya and de Paiva Mendes, Dilemar},
	journal={IEEE Transactions on Power Systems},
	volume={15},
	number={2},
	pages={612--617},
	year={2000},
	publisher={IEEE}
}
@article{kirschen2003demand,
	title={Demand-side view of electricity markets},
	author={Kirschen, Daniel S},
	journal={IEEE Transactions on power systems},
	volume={18},
	number={2},
	pages={520--527},
	year={2003},
	publisher={IEEE}
}
@inproceedings{baboli2012customer,
	title={Customer behavior based demand response model},
	author={Baboli, P Teimourzadeh and Eghbal, Mehdi and Moghaddam, M Parsa and Aalami, H},
	booktitle={2012 IEEE Power and Energy Society General Meeting},
	pages={1--7},
	year={2012},
	organization={IEEE}
}
@article{asadinejad2018evaluation,
	title={Evaluation of residential customer elasticity for incentive based demand response programs},
	author={Asadinejad, Ailin and Rahimpour, Alireza and Tomsovic, Kevin and Qi, Hairong and Chen, Chien-fei},
	journal={Electric Power Systems Research},
	volume={158},
	pages={26--36},
	year={2018},
	publisher={Elsevier}
}
@inproceedings{asadinejad2016residential,
	title={Residential customers elasticity estimation and clustering based on their contribution at incentive based demand response},
	author={Asadinejad, Ailin and Varzaneh, Mostafa G and Tomsovic, Kevin and Chen, Chien-fei and Sawhney, Rupy},
	booktitle={2016 IEEE Power and Energy Society General Meeting (PESGM)},
	pages={1--5},
	year={2016},
	organization={IEEE}
}
@article{faruqui2010unlocking,
	title={Unlocking the€ 53 billion savings from smart meters in the EU: How increasing the adoption of dynamic tariffs could make or break the EU’s smart grid investment},
	author={Faruqui, Ahmad and Harris, Dan and Hledik, Ryan},
	journal={Energy Policy},
	volume={38},
	number={10},
	pages={6222--6231},
	year={2010},
	publisher={Elsevier}
}
@book{otani2012microeconomic,
	title={Microeconomic theory},
	author={Otani, Yoshihiko and El-Hodiri, Mohamed},
	year={2012},
	publisher={Springer Science \& Business Media}
}
@article{shinde2018stackelberg,
	title={Stackelberg game-based demand response in multiple utility environments for electric vehicle charging},
	author={Shinde, Priyanka and Swarup, Kesasanakurty Shanti},
	journal={IET Electrical Systems in Transportation},
	volume={8},
	number={3},
	pages={167--174},
	year={2018},
	publisher={IET}
}
@article{sharifi2017economic,
	title={Economic demand response model in liberalised electricity markets with respect to flexibility of consumers},
	author={Sharifi, Reza and Anvari-Moghaddam, Amjad and Fathi, Seyed Hamid and Guerrero, Josep M and Vahidinasab, Vahid},
	journal={IET Generation, Transmission \& Distribution},
	volume={11},
	number={17},
	pages={4291--4298},
	year={2017},
	publisher={IET}
}
@article{li2011low,
	title={Low},
	author={Li, Na and Chen, Lijun and Steven, H},
	journal={Ceramic Cutting Tools-An Introduction,” in Key Engineering Materials},
	volume={96},
	pages={1--18},
	year={2011}
}
@article{shojaabadi2016optimal,
	title={Optimal planning of plug-in hybrid electric vehicle charging station in distribution network considering demand response programs and uncertainties},
	author={Shojaabadi, Saeed and Abapour, Saeed and Abapour, Mehdi and Nahavandi, Ali},
	journal={IET Generation, Transmission \& Distribution},
	volume={10},
	number={13},
	pages={3330--3340},
	year={2016},
	publisher={IET}
}
@article{niromandfam2020modeling,
	title={Modeling demand response based on utility function considering wind profit maximization in the day-ahead market},
	author={Niromandfam, Amir and Yazdankhah, Ahmad Sadeghi and Kazemzadeh, Rasool},
	journal={Journal of Cleaner Production},
	volume={251},
	pages={119317},
	year={2020},
	publisher={Elsevier}
}
@article{fan2012distributed,
	title={A distributed demand response algorithm and its application to PHEV charging in smart grids},
	author={Fan, Zhong},
	journal={IEEE Transactions on Smart Grid},
	volume={3},
	number={3},
	pages={1280--1290},
	year={2012},
	publisher={IEEE}
}
@article{deng2014distributed,
	title={Distributed real-time demand response in multiseller--multibuyer smart distribution grid},
	author={Deng, Ruilong and Yang, Zaiyue and Hou, Fen and Chow, Mo-Yuen and Chen, Jiming},
	journal={IEEE Transactions on Power Systems},
	volume={30},
	number={5},
	pages={2364--2374},
	year={2014},
	publisher={IEEE}
}
@article{chai2014demand,
	title={Demand response management with multiple utility companies: A two-level game approach},
	author={Chai, Bo and Chen, Jiming and Yang, Zaiyue and Zhang, Yan},
	journal={IEEE Transactions on Smart Grid},
	volume={5},
	number={2},
	pages={722--731},
	year={2014},
	publisher={IEEE}
}
@inproceedings{sharifi2018economic,
	title={An economic customer-oriented demand response model in electricity markets},
	author={Sharifi, Reza and Fathi, S Hamid and Anvari-Moghaddam, Amjad and Guerrero, Josep M and Vahidinasab, Vahid},
	booktitle={2018 IEEE International Conference on Industrial Technology (ICIT)},
	pages={1149--1153},
	year={2018},
	organization={IEEE}
}
@article{mohajeryami2016novel,
	title={A novel economic model for price-based demand response},
	author={Mohajeryami, Saeed and Moghaddam, Iman N and Doostan, Milad and Vatani, Behdad and Schwarz, Peter},
	journal={Electric Power Systems Research},
	volume={135},
	pages={1--9},
	year={2016},
	publisher={Elsevier}
}
@inproceedings{mohajeryami2015including,
	title={Including the behavioral aspects of customers in demand response model: Real time pricing versus peak time rebate},
	author={Mohajeryami, Saeed and Schwarz, Peter and Baboli, Payam Teimourzadeh},
	booktitle={2015 North American Power Symposium (NAPS)},
	pages={1--6},
	year={2015},
	organization={IEEE}
}
@article{sumaiti2020aggregated,
	title={Aggregated demand response scheduling in competitive market considering load behavior through fuzzy intelligence},
	author={Sumaiti, Ameena and Konda, Srikanth Reddy and Panwar, Lokesh and Gupta, Vishu and Kumar, Rajesh and Panigrahi, Bijaya Ketan},
	journal={IEEE Transactions on Industry Applications},
	volume={56},
	number={4},
	pages={4236--4247},
	year={2020},
	publisher={IEEE}
}
@article{kihlstrom1981risk,
	title={Risk aversion with random initial wealth},
	author={Kihlstrom, Richard E and Romer, David and Williams, Steve},
	journal={Econometrica: Journal of the Econometric Society},
	pages={911--920},
	year={1981},
	publisher={JSTOR}
}
@article{bierwag1969national,
	title={National Debt in a Neo-classical Growth Model: Comment},
	author={Bierwag, GO and Grove, MA and Khang, Chulsoon},
	journal={The American Economic Review},
	volume={59},
	number={1},
	pages={205--210},
	year={1969},
	publisher={JSTOR}
}
@misc{gowland1990lectures,
	title={Lectures on Macroeconomics},
	author={Gowland, David},
	year={1990},
	publisher={JSTOR}
}
@article{salvatore2008microeconomics,
	title={Microeconomics: theory and applications},
	author={Salvatore, Dominick and others},
	journal={OUP Catalogue},
	year={2008},
	publisher={Oxford University Press}
}
@article{michel2004intergenerational,
	title={Intergenerational altruism and neoclassical growth models},
	author={Michel, Philippe and Thibault, Emmanuel and Vidal, Jean-Pierre},
	year={2004},
	publisher={ECB Working Paper}
}
@article{kimball1987making,
	title={Making sense of two-sided altruism},
	author={Kimball, Miles S},
	journal={Journal of Monetary Economics},
	volume={20},
	number={2},
	pages={301--326},
	year={1987},
	publisher={Elsevier}
}
@article{bertsekas1982method,
	title={The method of multipliers for equality constrained problems},
	author={Bertsekas, Dimitri P},
	journal={Constrained optimization and Lagrange multiplier methods},
	pages={96--157},
	year={1982},
	publisher={Elsevier}
}
@article{neenan2008price,
	title={Price elasticity of demand for electricity: a primer and synthesis},
	author={Neenan, Bernard and Eom, Jiyong},
	journal={Electric Power Research Institute},
	year={2008}
}
@article{benassi2004income,
	title={Income Distribution, Price Elasticity and the ‘Robinson Effect’},
	author={Benassi, Corrado and Chirco, Alessandra},
	journal={The Manchester School},
	volume={72},
	number={5},
	pages={591--600},
	year={2004},
	publisher={Wiley Online Library}
}
@article{burkardt2014truncated,
	title={The truncated normal distribution},
	author={Burkardt, John},
	journal={Department of Scientific Computing Website, Florida State University},
	pages={1--35},
	year={2014}
}
@article{zadeh1965zadeh,
	title={Zadeh, Fuzzy sets},
	author={Zadeh, Lotfi A},
	journal={Inform Control},
	volume={8},
	pages={338--353},
	year={1965}
}
@article{jang2016variability,
	title={Variability of electricity load patterns and its effect on demand response: A critical peak pricing experiment on Korean commercial and industrial customers},
	author={Jang, Dongsik and Eom, Jiyong and Park, Min Jae and Rho, Jae Jeung},
	journal={Energy Policy},
	volume={88},
	pages={11--26},
	year={2016},
	publisher={Elsevier}
}
@article{kanwar2015optimal,
	title={Optimal distributed generation allocation in radial distribution systems considering customer-wise dedicated feeders and load patterns},
	author={Kanwar, Neeraj and Gupta, Nikhil and Niazi, KR and Swarnkar, Anil},
	journal={Journal of Modern Power Systems and Clean Energy},
	volume={3},
	number={4},
	pages={475--484},
	year={2015},
	publisher={SGEPRI}
}
@misc{OntarioEnergyBoard,
	author = {Ontario Energy Board},
	title = {{Ontario Energy Board}},
	howpublished = "\url{https://www.oeb.ca/rates-and-your-bill/electricity-rates/}",
	year = {2008}, 
	note = "[Online; accessed 2020]"
}
@article{aalami2010modeling,
	title={Modeling and prioritizing demand response programs in power markets},
	author={Aalami, HA and Moghaddam, M Parsa and Yousefi, GR},
	journal={Electric Power Systems Research},
	volume={80},
	number={4},
	pages={426--435},
	year={2010},
	publisher={Elsevier}
}
@article{deng2015survey,
	title={A survey on demand response in smart grids: Mathematical models and approaches},
	author={Deng, Ruilong and Yang, Zaiyue and Chow, Mo-Yuen and Chen, Jiming},
	journal={IEEE Transactions on Industrial Informatics},
	volume={11},
	number={3},
	pages={570--582},
	year={2015},
	publisher={IEEE}
}
@article{panwar2017dynamic,
	title={Dynamic incentive framework for demand response in distribution system using moving time horizon control},
	author={Panwar, Lokesh Kumar and Reddy, Srikanth and Verma, Ashu and Panigrahi, BK},
	journal={IET Generation, Transmission \& Distribution},
	volume={11},
	number={17},
	pages={4338--4347},
	year={2017},
	publisher={IET}
}
@incollection{faruqui2012ethics,
	title={The ethics of dynamic pricing},
	author={Faruqui, Ahmad},
	booktitle={Smart grid},
	pages={61--83},
	year={2012},
	publisher={Elsevier}
}
@article{faruqui2011dynamic,
	title={Dynamic pricing and its discontents},
	author={Faruqui, Ahmad and Palmer, Jennifer},
	journal={Regulation},
	volume={34},
	pages={16},
	year={2011},
	publisher={HeinOnline}
}
@article{borenstein2005long,
	title={The long-run efficiency of real-time electricity pricing},
	author={Borenstein, Severin},
	journal={The Energy Journal},
	volume={26},
	number={3},
	year={2005},
	publisher={International Association for Energy Economics}
}
@article{faruqui2010impact,
	title={The impact of dynamic pricing on low income customers},
	author={Faruqui, Ahmad and Sergici, Sanem and Palmer, Jennifer},
	journal={Institute for Electric Efficiency Whitepaper},
	year={2010}
}
@article{nguyen2016dynamic,
	title={Dynamic pricing design for demand response integration in power distribution networks},
	author={Nguyen, Duong Tung and Nguyen, Hieu Trung and Le, Long Bao},
	journal={IEEE Transactions on power systems},
	volume={31},
	number={5},
	pages={3457--3472},
	year={2016},
	publisher={IEEE}
}
@book{bard2013practical,
	title={Practical bilevel optimization: algorithms and applications},
	author={Bard, Jonathan F},
	volume={30},
	year={2013},
	publisher={Springer Science \& Business Media}
}
@book{dempe2002foundations,
	title={Foundations of bilevel programming},
	author={Dempe, Stephan},
	year={2002},
	publisher={Springer Science \& Business Media}
}
@incollection{bard1998practical,
	title={Practical bilevel optimization: applications and algorithms},
	author={Bard, JF},
	booktitle={Series: Nonconvex Optimization and Its Applications},
	volume={30},
	year={1998},
	publisher={Springer}
}
@article{feng2020stackelberg,
	title={Stackelberg game based transactive pricing for optimal demand response in power distribution systems},
	author={Feng, Changsen and Li, Zhiyi and Shahidehpour, Mohammad and Wen, Fushuan and Li, Qifeng},
	journal={International Journal of Electrical Power \& Energy Systems},
	volume={118},
	pages={105764},
	year={2020},
	publisher={Elsevier}
}
@article{lu2018data,
	title={A data-driven Stackelberg market strategy for demand response-enabled distribution systems},
	author={Lu, Tianguang and Wang, Zhaoyu and Wang, Jianhui and Ai, Qian and Wang, Chong},
	journal={IEEE Transactions on Smart Grid},
	volume={10},
	number={3},
	pages={2345--2357},
	year={2018},
	publisher={IEEE}
}
@article{mohammad2018coordination,
	title={Coordination of wind generation and demand response to minimise operation cost in day-ahead electricity markets using bi-level optimisation framework},
	author={Mohammad, Nur and Mishra, Yateendra},
	journal={IET Generation, Transmission \& Distribution},
	volume={12},
	number={16},
	pages={3793--3802},
	year={2018},
	publisher={IET}
}
@article{zugno2013bilevel,
	title={A bilevel model for electricity retailers' participation in a demand response market environment},
	author={Zugno, Marco and Morales, Juan Miguel and Pinson, Pierre and Madsen, Henrik},
	journal={Energy Economics},
	volume={36},
	pages={182--197},
	year={2013},
	publisher={Elsevier}
}
@article{wei2014energy,
	title={Energy pricing and dispatch for smart grid retailers under demand response and market price uncertainty},
	author={Wei, Wei and Liu, Feng and Mei, Shengwei},
	journal={IEEE transactions on smart grid},
	volume={6},
	number={3},
	pages={1364--1374},
	year={2014},
	publisher={IEEE}
}
@article{yang2012game,
	title={A game-theoretic approach for optimal time-of-use electricity pricing},
	author={Yang, Peng and Tang, Gongguo and Nehorai, Arye},
	journal={IEEE Transactions on Power Systems},
	volume={28},
	number={2},
	pages={884--892},
	year={2012},
	publisher={IEEE}
}
@book{osborne2004introduction,
	title={An introduction to game theory},
	author={Osborne, Martin J and others},
	volume={3},
	number={3},
	year={2004},
	publisher={Oxford university press New York}
}
@article{gkatzikis2013role,
	title={The role of aggregators in smart grid demand response markets},
	author={Gkatzikis, Lazaros and Koutsopoulos, Iordanis and Salonidis, Theodoros},
	journal={IEEE Journal on selected areas in communications},
	volume={31},
	number={7},
	pages={1247--1257},
	year={2013},
	publisher={IEEE}
}
@article{aussel2020trilevel,
	title={A trilevel model for best response in energy demand-side management},
	author={Aussel, Didier and Brotcorne, Luce and Lepaul, S{\'e}bastien and von Niederh{\"a}usern, L{\'e}onard},
	journal={European Journal of Operational Research},
	volume={281},
	number={2},
	pages={299--315},
	year={2020},
	publisher={Elsevier}
}
@article{qiu2020investigating,
	title={Investigating the effects of demand flexibility on electricity retailers’ business through a tri-level optimisation model},
	author={Qiu, Dawei and Papadaskalopoulos, Dimitrios and Ye, Yujian and Strbac, Goran},
	journal={IET Generation, Transmission \& Distribution},
	volume={14},
	number={9},
	pages={1739--1750},
	year={2020},
	publisher={IET}
}
@article{jia2019tri,
	title={Tri-level decision-making framework for strategic trading of demand response aggregator},
	author={Jia, Yulong and Mi, Zengqiang and Yu, Yang and Song, Zhuoliang and Fan, Hui},
	journal={IET Renewable Power Generation},
	volume={13},
	number={12},
	pages={2195--2206},
	year={2019},
	publisher={IET}
}
@article{zeng2014solving,
	title={Solving bilevel mixed integer program by reformulations and decomposition},
	author={Zeng, Bo and An, Yu},
	journal={Optimization online},
	pages={1--34},
	year={2014}
}
@article{hooshmand2019energy,
	title={Energy management in distribution systems, considering the impact of reconfiguration, RESs, ESSs and DR: A trade-off between cost and reliability},
	author={Hooshmand, Ehsan and Rabiee, Abbas},
	journal={Renewable energy},
	volume={139},
	pages={346--358},
	year={2019},
	publisher={Elsevier}
}
@article{yu2017incentive,
	title={Incentive-based demand response considering hierarchical electricity market: A Stackelberg game approach},
	author={Yu, Mengmeng and Hong, Seung Ho},
	journal={Applied Energy},
	volume={203},
	pages={267--279},
	year={2017},
	publisher={Elsevier}
}
@article{haghighat2018bilevel,
	title={Bilevel mixed integer transmission expansion planning},
	author={Haghighat, Hossein and Zeng, Bo},
	journal={IEEE Transactions on Power Systems},
	volume={33},
	number={6},
	pages={7309--7312},
	year={2018},
	publisher={IEEE}
}
@article{delgadillo2009analysis,
	title={Analysis of electric grid interdiction with line switching},
	author={Delgadillo, Andr{\'e}s and Arroyo, Jos{\'e} Manuel and Alguacil, Natalia},
	journal={IEEE Transactions on Power Systems},
	volume={25},
	number={2},
	pages={633--641},
	year={2009},
	publisher={IEEE}
}
@inproceedings{lofberg2004yalmip,
	title={YALMIP: A toolbox for modeling and optimization in MATLAB},
	author={Lofberg, Johan},
	booktitle={2004 IEEE international conference on robotics and automation (IEEE Cat. No. 04CH37508)},
	pages={284--289},
	year={2004},
	organization={IEEE}
}
@article{wachter2006implementation,
	title={On the implementation of an interior-point filter line-search algorithm for large-scale nonlinear programming},
	author={W{\"a}chter, Andreas and Biegler, Lorenz T},
	journal={Mathematical programming},
	volume={106},
	number={1},
	pages={25--57},
	year={2006},
	publisher={Springer}
}
@article{yu2018incentive,
	title={An incentive-based demand response (DR) model considering composited DR resources},
	author={Yu, Mengmeng and Hong, Seung Ho and Ding, Yuemin and Ye, Xun},
	journal={IEEE Transactions on Industrial Electronics},
	volume={66},
	number={2},
	pages={1488--1498},
	year={2018},
	publisher={IEEE}
}
@article{maharjan2013dependable,
	title={Dependable demand response management in the smart grid: A Stackelberg game approach},
	author={Maharjan, Sabita and Zhu, Quanyan and Zhang, Yan and Gjessing, Stein and Basar, Tamer},
	journal={IEEE Transactions on Smart Grid},
	volume={4},
	number={1},
	pages={120--132},
	year={2013},
	publisher={IEEE}
}
@article{yoon2015stackelberg,
	title={Stackelberg-game-based demand response for at-home electric vehicle charging},
	author={Yoon, Sung-Guk and Choi, Young-June and Park, Jong-Keun and Bahk, Saewoong},
	journal={IEEE Transactions on Vehicular Technology},
	volume={65},
	number={6},
	pages={4172--4184},
	year={2015},
	publisher={IEEE}
}
@article{yoon2018optimal,
	title={Optimal retail pricing for demand response of HVAC systems in commercial buildings considering distribution network voltages},
	author={Yoon, Ah-Yun and Kim, Young-Jin and Moon, Seung-Ill},
	journal={IEEE Transactions on Smart Grid},
	volume={10},
	number={5},
	pages={5492--5505},
	year={2018},
	publisher={IEEE}
}
@article{li2021coordination,
	title={Coordination between smart distribution networks and multi-microgrids considering demand side management: A trilevel framework},
	author={Li, Longxi},
	journal={Omega},
	volume={102},
	pages={102326},
	year={2021},
	publisher={Elsevier}
}
@article{yu2015real,
	title={A real-time demand-response algorithm for smart grids: A stackelberg game approach},
	author={Yu, Mengmeng and Hong, Seung Ho},
	journal={IEEE Transactions on smart grid},
	volume={7},
	number={2},
	pages={879--888},
	year={2015},
	publisher={IEEE}
}
@article{bautista2007formulation,
	title={Formulation of oligopolistic competition in AC power networks: An NLP approach},
	author={Bautista, Guillermo and Anjos, Miguel F and Vannelli, Anthony},
	journal={IEEE Transactions on Power Systems},
	volume={22},
	number={1},
	pages={105--115},
	year={2007},
	publisher={IEEE}
}
@article{torres1998interior,
	title={An interior-point method for nonlinear optimal power flow using voltage rectangular coordinates},
	author={Torres, Geraldo Leite and Quintana, Victor Hugo},
	journal={IEEE transactions on Power Systems},
	volume={13},
	number={4},
	pages={1211--1218},
	year={1998},
	publisher={IEEE}
}
@article{baran1989network,
	title={Network reconfiguration in distribution systems for loss reduction and load balancing},
	author={Baran, Mesut E and Wu, Felix F},
	journal={IEEE Power Engineering Review},
	volume={9},
	number={4},
	pages={101--102},
	year={1989},
	publisher={IEEE}
}
@article{das2020viability,
	title={Viability of power distribution in India--Challenges and Way Forward},
	author={Das, Soumya Deep and Srikanth, R},
	journal={Energy Policy},
	volume={147},
	pages={111882},
	year={2020},
	publisher={Elsevier}
}
@misc{share,
	mendeley-groups = {OLG_CUF_PEM},
	number = {1},
	title = {{Distribution of electricity consumption across India in financial year 2020, by sector}},
	url={https://www.statista.com/statistics/1130112/india-electricity-consumption-share-by-sector/},
	year = {2020}
}
@article{meena2018optimal,
	title={Optimal integration of DERs in coordination with existing VRs in distribution networks},
	author={Meena, Nand Kishor and Swarnkar, Anil and Gupta, Nikhil and Niazi, Khaleequr Rehman},
	journal={IET Generation, Transmission \& Distribution},
	volume={12},
	number={11},
	pages={2520--2529},
	year={2018},
	publisher={IET}
}
@article{PANDEY2022107597,
	title = {An adaptive demand response framework using price elasticity model in distribution networks},
	journal = {Electric Power Systems Research},
	volume = {202},
	pages = {107597},
	year = {2022},
	issn = {0378-7796},
	doi = {https://doi.org/10.1016/j.epsr.2021.107597},
	url = {https://www.sciencedirect.com/science/article/pii/S0378779621005782},
	author = {Vipin Chandra Pandey and Nikhil Gupta and K.R. Niazi and Anil Swarnkar and Rayees Ahmad Thokar},
}
%%%%%%%%%%%%%%%%%%%%% GT_IBDR %%%%%%%%%%%%
@article{nguyen2010pool,
	title={Pool-based demand response exchange—concept and modeling},
	author={Nguyen, Duy Thanh and Negnevitsky, Michael and De Groot, Martin},
	journal={IEEE Transactions on Power Systems},
	volume={26},
	number={3},
	pages={1677--1685},
	year={2010},
	publisher={IEEE}
}
@article{qdr2006benefits,
	title={Benefits of demand response in electricity markets and recommendations for achieving them},
	author={Qdr, QJUDE},
	journal={US Dept. Energy, Washington, DC, USA, Tech. Rep},
	volume={2006},
	year={2006},
	publisher={Citeseer}
}
@article{boroumand2015electricity,
	title={Electricity markets and oligopolistic behaviors: The impact of a multimarket structure},
	author={Boroumand, Rapha{\"e}l Homayoun},
	journal={Research in International Business and Finance},
	volume={33},
	pages={319--333},
	year={2015},
	publisher={Elsevier}
}
@article{song2017price,
	title={Price-maker bidding in day-ahead electricity market for a retailer with flexible demands},
	author={Song, Meng and Amelin, Mikael},
	journal={IEEE Transactions on Power Systems},
	volume={33},
	number={2},
	pages={1948--1958},
	year={2017},
	publisher={IEEE}
}
@article{algarni2009generic,
	title={A generic operations framework for discos in retail electricity markets},
	author={Algarni, Ayed AS and Bhattacharya, Kankar},
	journal={IEEE Transactions on Power Systems},
	volume={24},
	number={1},
	pages={356--367},
	year={2009},
	publisher={IEEE}
}

@article{hobbs2000strategic,
	title={Strategic gaming analysis for electric power systems: An MPEC approach},
	author={Hobbs, Benjamin F and Metzler, Carolyn B and Pang, J-S},
	journal={IEEE transactions on power systems},
	volume={15},
	number={2},
	pages={638--645},
	year={2000},
	publisher={IEEE}
}
@article{cardell1997market,
	title={Market power and strategic interaction in electricity networks},
	author={Cardell, Judith B and Hitt, Carrie Cullen and Hogan, William W},
	journal={Resource and energy economics},
	volume={19},
	number={1-2},
	pages={109--137},
	year={1997},
	publisher={Elsevier}
}
@article{haghighat2007gaming,
	title={Gaming analysis in joint energy and spinning reserve markets},
	author={Haghighat, Hossein and Seifi, Hossein and Kian, Ashkan R},
	journal={IEEE Transactions on Power Systems},
	volume={22},
	number={4},
	pages={2074--2085},
	year={2007},
	publisher={IEEE}
}
@article{su2004sequential,
	title={A sequential NCP algorithm for solving equilibrium problems with equilibrium constraints},
	author={Su, Che-Lin},
	journal={Manuscript, Department of Management Science and Engineering, Stanford University, Stanford, CA},
	year={2004},
	publisher={Citeseer}
}
@article{leyffer2010solving,
	title={Solving multi-leader--common-follower games},
	author={Leyffer, Sven and Munson, Todd},
	journal={Optimisation Methods \& Software},
	volume={25},
	number={4},
	pages={601--623},
	year={2010},
	publisher={Taylor \& Francis}
}
@article{de2003stackelberg,
	title={The Stackelberg equilibrium applied to AC power systems-a noninterior point algorithm},
	author={de Luj{\'a}n Latorre, Maria and Granville, S{\'e}rgio},
	journal={IEEE Transactions on Power Systems},
	volume={18},
	number={2},
	pages={611--618},
	year={2003},
	publisher={IEEE}
}
@article{haghighat2012bilevel,
	title={A bilevel approach to operational decision making of a distribution company in competitive environments},
	author={Haghighat, Hossein and Kennedy, Scott W},
	journal={IEEE Transactions on Power Systems},
	volume={27},
	number={4},
	pages={1797--1807},
	year={2012},
	publisher={IEEE}
}
@article{jimenez2007competitive,
	title={A competitive market integration model for distributed generation},
	author={Jim{\'e}nez-Est{\'e}vez, Guillermo A and Palma-Behnke, Rodrigo and Torres-Avila, Rigoberto and Vargas, Luis S},
	journal={IEEE Transactions on power systems},
	volume={22},
	number={4},
	pages={2161--2169},
	year={2007},
	publisher={IEEE}
}
@article{lopez2010optimal,
	title={Optimal contract pricing of distributed generation in distribution networks},
	author={L{\'o}pez-Lezama, Jes{\'u}s Mar{\'\i}a and Padilha-Feltrin, Antonio and Contreras, Javier and Mu{\~n}oz, Jos{\'e} Ignacio},
	journal={IEEE transactions on power systems},
	volume={26},
	number={1},
	pages={128--136},
	year={2010},
	publisher={IEEE}
}
@article{sarker2014optimal,
	title={Optimal coordination and scheduling of demand response via monetary incentives},
	author={Sarker, Mushfiqur R and Ortega-Vazquez, Miguel A and Kirschen, Daniel S},
	journal={IEEE Transactions on Smart Grid},
	volume={6},
	number={3},
	pages={1341--1352},
	year={2014},
	publisher={IEEE}
}
@article{wang2019ensuring,
	title={Ensuring profitability of retailers via Shapley Value based demand response},
	author={Wang, Jun and Huang, Qi and Hu, Weihao and Li, Jian and Zhang, Zhenyuan and Cai, Dongsheng and Zhang, Xiaoyuan and Liu, Nanbo},
	journal={International Journal of Electrical Power \& Energy Systems},
	volume={108},
	pages={72--85},
	year={2019},
	publisher={Elsevier}
}
@article{hu2016framework,
	title={A framework of residential demand aggregation with financial incentives},
	author={Hu, Qinran and Li, Fangxing and Fang, Xin and Bai, Linquan},
	journal={IEEE Transactions on Smart Grid},
	volume={9},
	number={1},
	pages={497--505},
	year={2016},
	publisher={IEEE}
}
@article{ghazvini2015multi,
	title={A multi-objective model for scheduling of short-term incentive-based demand response programs offered by electricity retailers},
	author={Ghazvini, Mohammad Ali Fotouhi and Soares, Jo{\~a}o and Horta, Nuno and Neves, Rui and Castro, Rui and Vale, Zita},
	journal={Applied energy},
	volume={151},
	pages={102--118},
	year={2015},
	publisher={Elsevier}
}
@article{ghazvini2015incentive,
	title={Incentive-based demand response programs designed by asset-light retail electricity providers for the day-ahead market},
	author={Ghazvini, Mohammad Ali Fotouhi and Faria, Pedro and Ramos, Sergio and Morais, Hugo and Vale, Zita},
	journal={Energy},
	volume={82},
	pages={786--799},
	year={2015},
	publisher={Elsevier}
}
@article{li2016dynamic,
	title={Dynamic demand response using customer coupons considering multiple load aggregators to simultaneously achieve efficiency and fairness},
	author={Li, Zhechao and Wang, Shaorong and Zheng, Xuejun and De Leon, Francisco and Hong, Tianqi},
	journal={IEEE Transactions on Smart Grid},
	volume={9},
	number={4},
	pages={3112--3121},
	year={2016},
	publisher={IEEE}
}
@article{zhong2012coupon,
	title={Coupon incentive-based demand response: Theory and case study},
	author={Zhong, Haiwang and Xie, Le and Xia, Qing},
	journal={IEEE Transactions on Power Systems},
	volume={28},
	number={2},
	pages={1266--1276},
	year={2012},
	publisher={IEEE}
}
@article{pang2005quasi,
	title={Quasi-variational inequalities, generalized Nash equilibria, and multi-leader-follower games},
	author={Pang, Jong-Shi and Fukushima, Masao},
	journal={Computational Management Science},
	volume={2},
	number={1},
	pages={21--56},
	year={2005},
	publisher={Springer}
}
@article{facchinei2007generalized,
	title={On generalized Nash games and variational inequalities},
	author={Facchinei, Francisco and Fischer, Andreas and Piccialli, Veronica},
	journal={Operations Research Letters},
	volume={35},
	number={2},
	pages={159--164},
	year={2007},
	publisher={Elsevier}
}
@article{tushar2012economics,
	title={Economics of electric vehicle charging: A game theoretic approach},
	author={Tushar, Wayes and Saad, Walid and Poor, H Vincent and Smith, David B},
	journal={IEEE Transactions on Smart Grid},
	volume={3},
	number={4},
	pages={1767--1778},
	year={2012},
	publisher={IEEE}
}
@article{li2018interactive,
	title={An interactive decision-making model based on energy and reserve for electric vehicles and power grid using generalized stackelberg game},
	author={Li, Yuanzheng and Zhao, Tianyang and Liu, Chang and Zhao, Yong and Wang, Ping and Gooi, Hoay Beng and Li, Kaicheng and Ding, Zhaohao},
	journal={IEEE Transactions on Industry Applications},
	volume={55},
	number={4},
	pages={3301--3309},
	year={2018},
	publisher={IEEE}
}
@article{mahmoudi2017bottom,
	title={A bottom-up approach for demand response aggregators’ participation in electricity markets},
	author={Mahmoudi, Nadali and Heydarian-Forushani, Ehsan and Shafie-khah, Miadreza and Saha, Tapan K and Golshan, ME Hamedani and Siano, Pierluigi},
	journal={Electric Power Systems Research},
	volume={143},
	pages={121--129},
	year={2017},
	publisher={Elsevier}
}
@article{allen1986bertrand,
	title={Bertrand-Edgeworth oligopoly in large markets},
	author={Allen, Beth and Hellwig, Martin},
	journal={The Review of Economic Studies},
	volume={53},
	number={2},
	pages={175--204},
	year={1986},
	publisher={Wiley-Blackwell}
}
@article{maskin1986existence,
	title={The existence of equilibrium with price-setting firms},
	author={Maskin, Eric},
	journal={The American Economic Review},
	volume={76},
	number={2},
	pages={382--386},
	year={1986},
	publisher={JSTOR}
}
@article{kulkarni2014shared,
	title={A shared-constraint approach to multi-leader multi-follower games},
	author={Kulkarni, Ankur A and Shanbhag, Uday V},
	journal={Set-valued and variational analysis},
	volume={22},
	number={4},
	pages={691--720},
	year={2014},
	publisher={Springer}
}
@book{bertsekas2014constrained,
	title={Constrained optimization and Lagrange multiplier methods},
	author={Bertsekas, Dimitri P},
	year={2014},
	publisher={Academic press}
}
@article{fletcher2004solving,
	title={Solving mathematical programs with complementarity constraints as nonlinear programs},
	author={Fletcher*, Roger and Leyffer,, Sven},
	journal={Optimization Methods and Software},
	volume={19},
	number={1},
	pages={15--40},
	year={2004},
	publisher={Taylor \& Francis}
}
@article{meena2017multi,
	title={Multi-objective Taguchi approach for optimal DG integration in distribution systems},
	author={Meena, Nand K and Swarnkar, Anil and Gupta, Nikhil and Niazi, Khaleequr R},
	journal={IET Generation, Transmission \& Distribution},
	volume={11},
	number={9},
	pages={2418--2428},
	year={2017},
	publisher={IET}
}
@article{pandey2021hierarchical,
	title={A Hierarchical Price Based Demand Response Framework in Distribution Network},
	author={Pandey, Vipin Chandra and Gupta, Nikhil and Niazi, KR and Swarnkar, Anil and Thokar, Rayees Ahmad},
	journal={IEEE Transactions on Smart Grid},
	year={2021},
	publisher={IEEE}
}
@article{haider2020toward,
	title={Toward a retail market for distribution grids},
	author={Haider, Rabab and Baros, Stefanos and Wasa, Yasuaki and Romvary, Jordan and Uchida, Kenko and Annaswamy, Anuradha M},
	journal={IEEE Transactions on Smart Grid},
	volume={11},
	number={6},
	pages={4891--4905},
	year={2020},
	publisher={IEEE}
}

@phdthesis{hu2003mathematical,
	title={Mathematical programs with complementarity constraints and game theory models in electricity markets},
	author={Hu, Xinmin},
	year={2003},
	school={University of Melbourne, Department of Mathematics and Statistics}
}
@article{kocuk2017new,
	title={New formulation and strong MISOCP relaxations for AC optimal transmission switching problem},
	author={Kocuk, Burak and Dey, Santanu S and Sun, Xu Andy},
	journal={IEEE Transactions on Power Systems},
	volume={32},
	number={6},
	pages={4161--4170},
	year={2017},
	publisher={IEEE}
}
@article{sattarpour2018load,
	title={Load serving entity interactions on residential energy management strategy: A two-level approach},
	author={Sattarpour, Tohid and Nazarpour, Daryoush and Golshannavaz, Sajjad},
	journal={Sustainable cities and society},
	volume={40},
	pages={440--453},
	year={2018},
	publisher={Elsevier}
}
@article{hatami2009optimal,
	title={Optimal selling price and energy procurement strategies for a retailer in an electricity market},
	author={Hatami, AR and Seifi, H and Sheikh-El-Eslami, MK},
	journal={Electric Power Systems Research},
	volume={79},
	number={1},
	pages={246--254},
	year={2009},
	publisher={Elsevier}
}
@article{negash2014allocating,
	title={Allocating the cost of demand response compensation in wholesale energy markets},
	author={Negash, Ahlmahz I and Haring, Tobias W and Kirschen, Daniel S},
	journal={IEEE Transactions on Power Systems},
	volume={30},
	number={3},
	pages={1528--1535},
	year={2014},
	publisher={IEEE}
}
@article{hurley2013demand,
	title={Demand response as a power system resource},
	author={Hurley, Doug and Peterson, Paul and Whited, Melissa},
	journal={Synapse Energy Economics Inc},
	year={2013}
}
@article{dadkhah2012cumulant,
	title={Cumulant based stochastic reactive power planning method for distribution systems with wind generators},
	author={Dadkhah, Maryam and Venkatesh, Bala},
	journal={IEEE Transactions on Power Systems},
	volume={27},
	number={4},
	pages={2351--2359},
	year={2012},
	publisher={IEEE}
}
@article{dukpa2011fuzzy,
	title={Fuzzy stochastic programming method: Capacitor planning in distribution systems with wind generators},
	author={Dukpa, Andu and Venkatesh, B and Chang, Liuchen},
	journal={IEEE Transactions on Power Systems},
	volume={26},
	number={4},
	pages={1971--1979},
	year={2011},
	publisher={IEEE}
}
%%%%%%%%%%%%% R2 %%%%%%%%%%%%%%%%%%%%
@article{zadeh1963optimality,
	title={Optimality and non-scalar-valued performance criteria},
	author={Zadeh, Lofti},
	journal={IEEE transactions on Automatic Control},
	volume={8},
	number={1},
	pages={59--60},
	year={1963},
	publisher={IEEE}
}
@misc{IndianEnergyExchange,
	author = {Indian Energy Exchange},
	title = {{Indian Energy Exchange}},
	howpublished = "\url{https://www.iexindia.com/#?id=3AGNZpFcFww%3d&mid=Gy9kTd80D98%3d}",
	year = {2022}, 
	note = "[Online; accessed December 2022]"
}
@article{dolkega2011role,
	title={The role of distribution system operator in the context of energy security--the case of Poland},
	author={Do{\l}{\k{e}}ga, Waldemar},
	journal={Przegl{\k{a}}d Elektrotechniczny (Electrical Review)},
	volume={2},
	number={57-60},
	year={2011}
}
@article{apostolopoulou2016interface,
	title={The interface of power: Moving toward distribution system operators},
	author={Apostolopoulou, Dimitra and Bahramirad, Shay and Khodaei, Amin},
	journal={IEEE Power and Energy Magazine},
	volume={14},
	number={3},
	pages={46--51},
	year={2016},
	publisher={IEEE}
}
@article{anisie2019future,
	title={Future Role of Distribution System Operators: Innovation Landscape Brief},
	author={Anisie, A and Boshell, F and Ocenic, E},
	journal={The International Renewable Energy Agency (IRENA): Abu Dhabi, United Arab Emirates},
	year={2019}
}
@article{ahlstrom2015evolution,
	title={The evolution of the market: Designing a market for high levels of variable generation},
	author={Ahlstrom, Mark and Ela, Erik and Riesz, Jenny and O'Sullivan, Jonathan and Hobbs, Benjamin F and O'Malley, Mark and Milligan, Michael and Sotkiewicz, Paul and Caldwell, Jim},
	journal={IEEE power and energy magazine},
	volume={13},
	number={6},
	pages={60--66},
	year={2015},
	publisher={IEEE}
}
@article{jadhav2022emergence,
	title={Emergence of distribution system operator in the Indian power sector and possible way ahead},
	author={Jadhav, Ashok M and Abhyankar, Abhijit R},
	journal={Energy Policy},
	volume={160},
	pages={112650},
	year={2022},
	publisher={Elsevier}
}
@article{bai2017distribution,
	title={Distribution locational marginal pricing (DLMP) for congestion management and voltage support},
	author={Bai, Linquan and Wang, Jianhui and Wang, Chengshan and Chen, Chen and Li, Fangxing},
	journal={IEEE Transactions on Power Systems},
	volume={33},
	number={4},
	pages={4061--4073},
	year={2017},
	publisher={IEEE}
}