%% This BibTeX bibliography file was created using BibDesk.
%% http://bibdesk.sourceforge.net/


%% Created for Konstantin Bliokh at 2023-05-27 11:42:07 +0200 


%% Saved with string encoding Unicode (UTF-8) 



@article{Minardi2010,
	author = {Minardi, S. and Eilenberger, F. and Kartashov, Y. V. and Szameit, A. and R\"opke, U. and Kobelke, J. and Schuster, K. and Bartelt, H. and Nolte, S. and Torner, L. and Lederer, F. and T\"unnermann, A. and Pertsch, T.},
	date-added = {2023-05-27 11:41:42 +0200},
	date-modified = {2023-05-27 11:42:04 +0200},
	doi = {10.1103/PhysRevLett.105.263901},
	journal = {Phys. Rev. Lett.},
	pages = {263901},
	title = {Three-Dimensional Light Bullets in Arrays of Waveguides},
	url = {https://link.aps.org/doi/10.1103/PhysRevLett.105.263901},
	volume = {105},
	year = {2010},
	Bdsk-Url-1 = {https://link.aps.org/doi/10.1103/PhysRevLett.105.263901},
	Bdsk-Url-2 = {https://doi.org/10.1103/PhysRevLett.105.263901}}

@article{Silberberg1990,
	abstract = {Under the combined effect of diffraction, anomalous dispersion, and nonlinear refraction, an optical pulse can collapse simultaneously in time and space. Such a collapse could yield short pulses with extremely large optical fields. Light bullets---pulses that propagate without change in space or time---are also possible. The condition for such a collapse and possible experiments are discussed.},
	author = {Y. Silberberg},
	date-added = {2023-05-27 11:40:42 +0200},
	date-modified = {2023-05-27 11:41:03 +0200},
	doi = {10.1364/OL.15.001282},
	journal = {Opt. Lett.},
	pages = {1282--1284},
	title = {Collapse of optical pulses},
	url = {https://opg.optica.org/ol/abstract.cfm?URI=ol-15-22-1282},
	volume = {15},
	year = {1990},
	Bdsk-Url-1 = {https://opg.optica.org/ol/abstract.cfm?URI=ol-15-22-1282},
	Bdsk-Url-2 = {https://doi.org/10.1364/OL.15.001282}}

@article{Bliokh2018,
	author = {K. Y. Bliokh},
	date-added = {2023-05-27 10:58:20 +0200},
	date-modified = {2023-05-27 10:58:56 +0200},
	journal = {Phys. Rev. A},
	pages = {012143},
	title = {Lorentz-boost eigenmodes},
	volume = {98},
	year = {2018}}

@article{Berry2012_II,
	author = {M. V. Berry},
	date-added = {2023-05-27 10:56:21 +0200},
	date-modified = {2023-05-27 10:56:57 +0200},
	journal = {Eur. J. Phys.},
	pages = {279--294},
	title = {Causal wave propagation for relativistic massive particles: physical asymptotics in action},
	volume = {33},
	year = {2012}}

@article{Aaviksoo1991,
	author = {Aaviksoo, J. and Kuhl, J. and Ploog, K.},
	date-added = {2023-05-27 10:54:53 +0200},
	date-modified = {2023-05-27 10:55:17 +0200},
	doi = {10.1103/PhysRevA.44.R5353},
	journal = {Phys. Rev. A},
	pages = {R5353--R5356},
	title = {Observation of optical precursors at pulse propagation in GaAs},
	volume = {44},
	year = {1991},
	Bdsk-Url-1 = {https://link.aps.org/doi/10.1103/PhysRevA.44.R5353},
	Bdsk-Url-2 = {https://doi.org/10.1103/PhysRevA.44.R5353}}

@article{Pleshko1969,
	author = {Pleshko, P. and Pal\'ocz, I.},
	date-added = {2023-05-27 10:53:22 +0200},
	date-modified = {2023-05-27 10:53:55 +0200},
	doi = {10.1103/PhysRevLett.22.1201},
	journal = {Phys. Rev. Lett.},
	pages = {1201--1204},
	publisher = {American Physical Society},
	title = {Experimental Observation of Sommerfeld and Brillouin Precursors in the Microwave Domain},
	volume = {22},
	year = {1969},
	Bdsk-Url-1 = {https://link.aps.org/doi/10.1103/PhysRevLett.22.1201},
	Bdsk-Url-2 = {https://doi.org/10.1103/PhysRevLett.22.1201}}

@book{Sommerfeld_book,
	author = { A. Sommerfeld},
	date-added = {2023-05-27 10:51:01 +0200},
	date-modified = {2023-05-27 10:51:39 +0200},
	publisher = {Academic Press},
	title = {Lectures on Theoretical Physics},
	volume = {4},
	year = {1950}}

@book{Siegman_book,
	author = {A. E. Siegman},
	date-added = {2023-05-26 22:13:41 +0200},
	date-modified = {2023-05-26 22:14:21 +0200},
	publisher = {University Science Books},
	title = {Lasers},
	year = {1986}}

@article{Nkoma1974,
	author = {J. Nkoma and R. Loudon and D. R. Tilley},
	date-added = {2023-05-21 21:42:05 +0200},
	date-modified = {2023-05-21 21:44:29 +0200},
	journal = {J. Phys. C},
	pages = {3547},
	title = {Elementary properties of surface polaritons},
	volume = {7},
	year = {1974}}

@article{Oppenheimer1931,
	author = {Oppenheimer, J. R.},
	date-added = {2023-05-21 21:31:09 +0200},
	date-modified = {2023-05-21 21:31:49 +0200},
	journal = {Phys. Rev. },
	pages = {725--746},
	title = {Note on light quanta and the electromagnetic field},
	volume = {38},
	year = {1931}}

@article{Laporte1931,
	author = {Laporte, O. and Uhlenbeck, G. E. },
	date-added = {2023-05-21 21:29:57 +0200},
	date-modified = {2023-05-21 21:30:52 +0200},
	journal = {Phys. Rev.},
	pages = {1380--1397},
	title = {Application of spinor analysis to the Maxwell and Dirac equations},
	volume = {37},
	year = {1931}}

@article{Bliokh2023,
	author = {K. Y. Bliokh},
	date-added = {2023-05-21 21:21:07 +0200},
	date-modified = {2023-05-21 21:21:39 +0200},
	journal = {Phys. Rev. A},
	pages = {L031501},
	title = {Orbital angular momentum of optical, acoustic, and quantum-mechanical spatiotemporal vortex pulses},
	volume = {107},
	year = {2023}}

@article{Bouchard2016,
	author = {F. Bouchard and J. Harris and H. Mand and R. W. Boyd and E. Karimi},
	date-added = {2023-05-21 20:36:18 +0200},
	date-modified = {2023-05-21 20:39:14 +0200},
	journal = {Optica},
	pages = {351--354},
	title = {Observation of subluminal twisted light in vacuum},
	volume = {3},
	year = {2016}}

@article{Giovannini2015,
	author = {D. Giovannini and J. Romero and V. Potocek and G. Ferenczi and F. Speirits and S. M. Barnett and D. Faccio and M. J. Padgett},
	date-added = {2023-05-21 20:34:03 +0200},
	date-modified = {2023-05-21 20:35:47 +0200},
	journal = {Science},
	pages = {857--860},
	title = {Spatially structured photons that travel in free space slower than the speed of light},
	volume = {347},
	year = {2015}}

@article{Berry2010,
	author = {M. V. Berry},
	date-added = {2023-05-21 20:31:55 +0200},
	date-modified = {2023-05-22 18:45:29 +0200},
	journal = {{J. Phys. A: Math. Theor.}},
	pages = {415302},
	title = {Quantum backflow, negative kinetic energy, and optical retro-propagation},
	volume = {43},
	year = {2010}}

@article{Berry2012,
	author = {M. V. Berry},
	date-added = {2023-05-21 20:28:59 +0200},
	date-modified = {2023-05-21 20:29:57 +0200},
	journal = {{J. Phys. A: Math. Theor.}},
	pages = {185308},
	title = {Superluminal speeds for relativistic random waves},
	volume = {45},
	year = {2012}}

@article{Boyd2002,
	author = {R. W. Boyd and D. J. Gauthier},
	date-added = {2023-05-21 20:23:44 +0200},
	date-modified = {2023-05-21 20:24:21 +0200},
	journal = {Prog. Opt.},
	pages = {497--530},
	title = {Slow and fast light},
	volume = {43},
	year = {2002}}

@article{Khurgin2010,
	author = {J. B. Khurgin},
	date-added = {2023-05-21 20:21:22 +0200},
	date-modified = {2023-05-21 20:22:08 +0200},
	journal = {Adv. Opt. Photonics},
	pages = {287--318},
	title = {Slow light in various media: a tutorial},
	volume = {2},
	year = {2010}}

@book{Brillouin_book,
	author = {L. Brillouin},
	date-added = {2023-05-21 20:19:57 +0200},
	date-modified = {2023-05-21 20:20:49 +0200},
	publisher = {Academic Press},
	title = {Wave Propagation and Group Velocity},
	year = {1960}}

@article{Barnett2016,
	abstract = {The modern field of optical angular momentum began with the realisation by Allen et al in 1992 that, in addition to the spin associated with polarisation, light beams with helical phase fronts carry orbital angular momentum. There has been much confusion and debate, however, surrounding the intricacies of the field and, in particular, the separation of the angular momentum into its spin and orbital parts. Here we take the opportunity to state the current position as we understand it, which we present as six perspectives: (i) we start with a reprise of the 1992 paper in which it was pointed out that the Laguerre--Gaussian modes, familiar from laser physics, carry orbital angular momentum. (ii) The total angular momentum may be separated into spin and orbital parts, but neither alone is a true angular momentum. (iii) The spin and orbital parts, although not themselves true angular momenta, are distinct and physically meaningful, as has been demonstrated clearly in a range of experiments. (iv) The orbital part of the angular momentum in the direction of propagation of a beam is not simply the azimuthal component of the linear momentum. (v) The component of spin in the direction of propagation is not the helicity, although these are related quantities. (vi) Finally, the spin and orbital parts of the angular momentum correspond to distinct symmetries of the free electromagnetic field and hence are separately conserved quantities.},
	author = {S. M. Barnett and L. Allen and R. P. Cameron and C. R. Gilson and M. J. Padgett and F. C. Speirits and A. M. Yao},
	date-added = {2023-03-12 14:12:07 +0900},
	date-modified = {2023-03-12 14:13:08 +0900},
	journal = {J. Opt.},
	pages = {064004},
	title = {On the natures of the spin and orbital parts of optical angular momentum},
	volume = {18},
	year = {2016},
	Bdsk-Url-1 = {https://dx.doi.org/10.1088/2040-8978/18/6/064004}}

@article{Bliokh2022PRA,
	author = {Bliokh, K. Y. and Bliokh, Y. P. and Nori, F.},
	date-added = {2023-02-08 22:42:28 +0900},
	date-modified = {2023-02-08 22:43:13 +0900},
	journal = {Phys. Rev. A},
	pages = {L021503},
	title = {{Ponderomotive forces, Stokes drift, and momentum in acoustic and electromagnetic waves}},
	volume = {106},
	year = {2022},
	Bdsk-Url-1 = {https://link.aps.org/doi/10.1103/PhysRevA.106.L021503},
	Bdsk-Url-2 = {https://doi.org/10.1103/PhysRevA.106.L021503}}

@article{Simpson1997,
	abstract = {We use a Laguerre--Gaussian laser mode within an optical tweezers arrangement to demonstrate the transfer of the orbital angular momentum of a laser mode to a trapped particle. The particle is optically confined in three dimensions and can be made to rotate; thus the apparatus is an optical spanner. We show that the spin angular momentum of {\textpm}ℏ per photon associated with circularly polarized light can add to, or subtract from, the orbital angular momentum to give a total angular momentum. The observed cancellation of the spin and orbital angular momentum shows that, as predicted, a Laguerre--Gaussian mode with an azimuthal mode index l$=$1 has a well-defined orbital angular momentum corresponding to ℏ per photon.},
	author = {N. B. Simpson and K. Dholakia and L. Allen and M. J. Padgett},
	date-added = {2023-02-08 22:00:53 +0900},
	date-modified = {2023-02-08 22:05:55 +0900},
	journal = {Opt. Lett.},
	pages = {52},
	title = {Mechanical equivalence of spin and orbital angular momentum of light: an optical spanner},
	volume = {22},
	year = {1997},
	Bdsk-Url-1 = {https://opg.optica.org/ol/abstract.cfm?URI=ol-22-1-52},
	Bdsk-Url-2 = {https://doi.org/10.1364/OL.22.000052}}

@article{He1995,
	author = {He, H. and Friese, M. E. J. and Heckenberg, N. R. and Rubinsztein-Dunlop, H.},
	date-added = {2023-02-08 21:52:07 +0900},
	date-modified = {2023-02-08 21:52:36 +0900},
	journal = {Phys. Rev. Lett.},
	pages = {826},
	title = {Direct Observation of Transfer of Angular Momentum to Absorptive Particles from a Laser Beam with a Phase Singularity},
	volume = {75},
	year = {1995},
	Bdsk-Url-1 = {https://link.aps.org/doi/10.1103/PhysRevLett.75.826},
	Bdsk-Url-2 = {https://doi.org/10.1103/PhysRevLett.75.826}}

@article{Leader2016,
	author = {E. Leader},
	date-added = {2022-11-10 11:31:38 +0900},
	date-modified = {2022-11-10 11:32:24 +0900},
	journal = {Phys. Lett. B},
	pages = {303},
	title = {{The photon angular momentum controversy: Resolution of a conflict between laser optics and particle physics}},
	volume = {756},
	year = {2016}}

@article{Bliokh2017PRA,
	author = {Bliokh, K. Y. and Dennis, M. R. and Nori, F.},
	date-added = {2022-09-19 13:58:33 +0200},
	date-modified = {2022-09-19 13:59:11 +0200},
	journal = {Phys. Rev. A},
	pages = {023622},
	title = {Position, spin, and orbital angular momentum of a relativistic electron},
	volume = {96},
	year = {2017},
	Bdsk-Url-1 = {https://link.aps.org/doi/10.1103/PhysRevA.96.023622},
	Bdsk-Url-2 = {https://doi.org/10.1103/PhysRevA.96.023622}}

@article{Pryce1948,
	abstract = { The Newtonian definition of the mass-centre can be generalized to the restricted theory of relativity in several ways. Three in particular lead to fairly simple expressions in terms of instantaneous variables for quite general systems. Of these only one is independent of the frame in which it is defined. It suffers from the disadvantage that its components do not commute (in classical mechanics, do not have zero Poisson brackets), and are therefore unsuitable as generalized co-ordinates in mechanics. Of the other two, one is particularly . simply defined, and the other has commuting co-ordinates. The Poisson brackets can be derived from quite general considerations because the various mass-centres are expressible in terms of integrals of the energy-momentum tensor which are directly connected with the infinitesimal operators of the group of Lorentz transformations. The definitions are readily applicable to a single particle in theories, such as are current for elementary particles, where a co-ordinate observable does not exist, but an energy-momentum tensor does, and furnish the nearest approach possible to such observables. They are applied to electrons, particles of spin 0 and ℏ (scalar- and vector-meson theories), and to photons. },
	author = {Pryce, M. H. L.},
	date-added = {2022-09-19 13:54:17 +0200},
	date-modified = {2022-09-19 13:55:27 +0200},
	journal = {Proc. Roy. Soc. Lond. A},
	pages = {62-81},
	title = {The mass-centre in the restricted theory of relativity and its connexion with the quantum theory of elementary particles},
	volume = {195},
	year = {1948},
	Bdsk-Url-1 = {https://royalsocietypublishing.org/doi/abs/10.1098/rspa.1948.0103},
	Bdsk-Url-2 = {https://doi.org/10.1098/rspa.1948.0103}}

@article{Shen2019,
	abstract = {Thirty years ago, Coullet et al. proposed that a special optical field exists in laser cavities bearing some analogy with the superfluid vortex. Since then, optical vortices have been widely studied, inspired by the hydrodynamics sharing similar mathematics. Akin to a fluid vortex with a central flow singularity, an optical vortex beam has a phase singularity with a certain topological charge, giving rise to a hollow intensity distribution. Such a beam with helical phase fronts and orbital angular momentum reveals a subtle connection between macroscopic physical optics and microscopic quantum optics. These amazing properties provide a new understanding of a wide range of optical and physical phenomena, including twisting photons, spin--orbital interactions, Bose--Einstein condensates, etc., while the associated technologies for manipulating optical vortices have become increasingly tunable and flexible. Hitherto, owing to these salient properties and optical manipulation technologies, tunable vortex beams have engendered tremendous advanced applications such as optical tweezers, high-order quantum entanglement, and nonlinear optics. This article reviews the recent progress in tunable vortex technologies along with their advanced applications.},
	author = {Shen, Y. and Wang, X. and Xie, Z. and Min, C. and Fu, X. and Liu, Q. and Gong, M. and Yuan, X.},
	date-added = {2022-09-13 22:34:36 +0200},
	date-modified = {2022-09-13 22:35:38 +0200},
	journal = {Light: Science \& Applications},
	pages = {90},
	title = {Optical vortices 30 years on: OAM manipulation from topological charge to multiple singularities},
	volume = {8},
	year = {2019},
	Bdsk-Url-1 = {https://doi.org/10.1038/s41377-019-0194-2}}

@article{Gui2021,
	abstract = {Light with spatiotemporal orbital angular momentum (ST-OAM) is a recently discovered type of structured and localized electromagnetic field. This field carries characteristic space--time spiral phase structure and transverse intrinsic OAM. Here, we present the generation and characterization of the second harmonic of ST-OAM pulses. We uncover the conservation of transverse OAM in a second-harmonic generation process, where the space--time topological charge of the fundamental field is doubled along with the optical frequency. Our experiment thus suggests a general ST-OAM nonlinear scaling rule, analogous to that in conventional OAM of light. Furthermore, we observe that the topology of a second-harmonic ST-OAM pulse can be modified by complex spatiotemporal astigmatism, giving rise to multiple phase singularities separated in space and time. Our study opens a new route for nonlinear conversion and scaling of light carrying ST-OAM, with the potential for driving other secondary ST-OAM sources of electromagnetic fields and beyond.},
	author = {Gui, G. and Brooks, N. J. and Kapteyn, H. C. and Murnane, M. M. and Liao, C.-T.},
	date-added = {2022-09-12 17:46:43 +0200},
	date-modified = {2022-09-12 17:52:02 +0200},
	journal = {Nat. Photon.},
	pages = {608-613},
	title = {Second-harmonic generation and the conservation of spatiotemporal orbital angular momentum of light},
	volume = {15},
	year = {2021},
	Bdsk-Url-1 = {https://doi.org/10.1038/s41566-021-00841-8}}

@article{Afanasev2018,
	author = {A. Afanasev and C. E. Carlson and C. T. Schmiegelow and J. Schulz and F. Schmidt-Kaler and M. Solyanik},
	date-added = {2022-09-09 17:18:49 +0200},
	date-modified = {2022-09-09 17:20:52 +0200},
	journal = {New J. Phys.},
	pages = {023032},
	title = {Experimental verification of position-dependent angular-momentum selection rules for absorption of twisted light by a bound electron},
	volume = {20},
	year = {2018}}

@article{Enk1994_II,
	author = {S. J. van Enk and G. Nienhuis},
	date-added = {2022-09-09 17:09:50 +0200},
	date-modified = {2022-09-09 17:10:56 +0200},
	journal = {J. Mod. Opt.},
	pages = {963},
	title = {Commutation rules and eigenvalues of spin and orbital angular momentum of radiation fields},
	volume = {41},
	year = {1994}}

@book{LL_mech,
	author = {L. D. Landau and E. M. Lifshitz},
	date-added = {2022-09-09 16:57:57 +0200},
	date-modified = {2022-09-09 16:59:32 +0200},
	publisher = {{Butterworth-Heinemann, Oxford}},
	title = {Mechanics},
	year = {1976}}

@article{Yessenov2022,
	author = {M. Yessenov and L. A. Hall and K. L. Schepler and A. F. Abouraddy},
	date-added = {2022-09-09 08:40:44 +0200},
	date-modified = {2023-03-12 14:05:36 +0900},
	journal = {Adv. Opt. Photonics},
	pages = {455--570},
	title = {Space-time wave packets},
	volume = {14},
	year = {2022}}

@article{Fang2021,
	author = {Fang, Y. and Lu, S. and Liu, Y.},
	date-added = {2022-09-03 15:27:14 +0200},
	date-modified = {2022-09-03 15:27:49 +0200},
	journal = {Phys. Rev. Lett.},
	pages = {273901},
	title = {Controlling Photon Transverse Orbital Angular Momentum in High Harmonic Generation},
	volume = {127},
	year = {2021},
	Bdsk-Url-1 = {https://link.aps.org/doi/10.1103/PhysRevLett.127.273901},
	Bdsk-Url-2 = {https://doi.org/10.1103/PhysRevLett.127.273901}}

@article{Huang2022,
	author = {J. Huang and J. Zhang and T. Zhu and Z. Ruan},
	date-added = {2022-09-03 15:24:19 +0200},
	date-modified = {2023-03-12 14:03:14 +0900},
	journal = {Laser Photonics Rev.},
	pages = {2100357},
	title = {Spatiotemporal Differentiators Generating Optical Vortices with Transverse Orbital Angular Momentum and Detecting Sharp Change of Pulse Envelope},
	volume = {16},
	year = {2022}}

@article{Zhang2022,
	author = {Y. Zang and A. Mirando and A. Chong},
	date-added = {2022-09-03 15:21:12 +0200},
	date-modified = {2022-09-03 15:22:12 +0200},
	journal = {Nanophotonics},
	pages = {745},
	title = {Spatiotemporal optical vortices with arbitrary orbital angular momentum orientation by astigmatic mode converters},
	volume = {11},
	year = {2022}}

@article{Clark2015,
	abstract = {Interferometry reveals quantized changes in the angular momentum of neutrons that have been `twisted'by passage through a spiral staircase structure.},
	author = {Clark, C. W. and Barankov, R. and Huber, M. G. and Arif, M. and Cory, D. G. and Pushin, D. A.},
	date-added = {2022-09-03 15:10:48 +0200},
	date-modified = {2022-09-16 21:26:44 +0200},
	journal = {Nature},
	pages = {504--506},
	title = {Controlling neutron orbital angular momentum},
	volume = {525},
	year = {2015},
	Bdsk-Url-1 = {https://doi.org/10.1038/nature15265}}

@article{Luski2021,
	abstract = {The discovery of photon and electron vortex beams carrying orbital angular momentum (as a result of a twisting wave front) has led to appreciable advances in optical imaging, optical and electron microscopy, communications, quantum optics and micromanipulation, and more advances are expected. In an effort to extend this progress to other types of beams, Luski et al. demonstrate the production of vortex beams of helium atoms and dimers formed from supersonic beams with large coherence lengths diffracted off of specifically nanofabricated gratings with fork dislocations (see the Perspective by Kornilov). Vortex beams made of nonelementary particles with internal degrees of freedom represent a direct manifestation of quantum mechanics on macroscopic scale, and their production paves the way for many long-awaited applications. ---YS Vortex beams of helium atoms and dimers are formed by coherent diffraction of supersonic beams off nanometric forked gratings. Angular momentum plays a central role in quantum mechanics, recurring in every length scale from the microscopic interactions of light and matter to the macroscopic behavior of superfluids. Vortex beams, carrying intrinsic orbital angular momentum (OAM), are now regularly generated with elementary particles such as photons and electrons. Thus far, the creation of a vortex beam of a nonelementary particle has never been demonstrated experimentally. We present vortex beams of atoms and molecules, formed by diffracting supersonic beams of helium atoms and dimers off transmission gratings. This method is general and could be applied to most atomic and molecular gases. Our results may open new frontiers in atomic physics, using the additional degree of freedom of OAM to probe collisions and alter fundamental interactions.},
	author = {A. Luski and Y. Segev and R. David and O. Bitton and H. Nadler and A. R. Barnea and A. Gorlach and O. Cheshnovsky and I. Kaminer and E. Narevicius},
	date-added = {2022-09-03 15:09:07 +0200},
	date-modified = {2022-09-16 21:27:56 +0200},
	journal = {Science},
	pages = {1105-1109},
	title = {Vortex beams of atoms and molecules},
	volume = {373},
	year = {2021},
	Bdsk-Url-1 = {https://www.science.org/doi/abs/10.1126/science.abj2451},
	Bdsk-Url-2 = {https://doi.org/10.1126/science.abj2451}}

@book{CT,
	author = {C. Cohen-Tannoudji and J. Dupont-Roc and G. Grynberg},
	date-added = {2022-09-02 20:43:32 +0200},
	date-modified = {2022-09-02 20:46:27 +0200},
	publisher = {{Wiley, New York}},
	title = {Photons \& Atoms},
	year = {1997}}

@article{Bliokh2019PRL,
	author = {K. Y. Bliokh and F. Nori},
	date-added = {2022-08-26 18:59:51 +0200},
	date-modified = {2022-08-26 19:00:36 +0200},
	journal = {Phys. Rev. Lett.},
	pages = {054301},
	title = {{Klein-Gordon Representation of Acoustic Waves and Topological Origin of Surface Acoustic Modes}},
	volume = {123},
	year = {2019}}

@article{Smirnova2018,
	author = {D. A. Smirnova and V. M. Travin and K. Y. Bliokh and F. Nori},
	date-added = {2022-08-26 00:49:38 +0200},
	date-modified = {2022-08-26 00:50:06 +0200},
	journal = {Phys. Rev. A},
	pages = {043840},
	title = {Relativistic spin-orbit interactions of photons and electrons},
	volume = {97},
	year = {2018}}

@article{BB1996,
	author = {I. Bialynicki-Birula},
	date-added = {2022-08-26 00:37:40 +0200},
	date-modified = {2022-08-26 00:38:34 +0200},
	journal = {Prog. Opt.},
	pages = {245},
	title = {Photon wave function},
	volume = {36},
	year = {1996}}

@article{Weinberg1980,
	author = {S. Weinberg and E. Witten},
	date-added = {2022-08-26 00:36:14 +0200},
	date-modified = {2022-08-26 00:37:04 +0200},
	journal = {Phys. Lett. B},
	pages = {59},
	title = {Limits on masless particles},
	volume = {96},
	year = {1980}}

@article{Yuan2021,
	author = {W. Yuan and C. Yang and D. Zhang and Y. Long and Y. Pan and Z. Zhong and H. Chen and J. Zhao and J. Ren},
	date-added = {2022-05-03 19:56:50 +0900},
	date-modified = {2022-05-03 19:58:31 +0900},
	journal = {Nat. Commun.},
	pages = {6954},
	title = {Observation of elastic spin with chiral meta-sources},
	volume = {12},
	year = {2021}}

@article{Bliokh2015Science,
	author = {K. Y. Bliokh and D. Smirnova and F. Nori},
	date-added = {2022-04-28 12:55:20 +0900},
	date-modified = {2022-04-28 12:56:21 +0900},
	journal = {Science},
	pages = {1448-1451},
	title = {{Quantum spin Hall effect of light}},
	volume = {348},
	year = {2015}}

@article{Mechelen2016,
	author = {T. Van Mechelen and Z. Jacob},
	date-added = {2022-04-28 12:53:46 +0900},
	date-modified = {2022-04-28 12:54:40 +0900},
	journal = {Optica},
	pages = {118-126},
	title = {Universal spin-momentum locking of evanescent waves},
	volume = {3},
	year = {2016}}

@article{Feber2015,
	author = {B. Le Feber and N. Rotenberg and L. Kuipers},
	date-added = {2022-04-28 12:33:40 +0900},
	date-modified = {2022-04-28 12:34:44 +0900},
	journal = {Nat. Commun.},
	pages = {6695},
	title = {Nanophotonic control of circular dipole emission},
	volume = {6},
	year = {2015}}

@article{Petersen2014,
	author = {J. Petersen and J. Volz and A. Rauschenbeutel},
	date-added = {2022-04-28 12:31:27 +0900},
	date-modified = {2022-04-28 12:32:30 +0900},
	journal = {Science},
	pages = {67-71},
	title = {Chiral nanophotonic waveguide interface based on spin-orbit interaction of light},
	volume = {346},
	year = {2014}}

@article{Rodrguez2013,
	author = {F. J. Rodr{\'\i}guez-Fortu{\~n}o and G. Marino and P. Ginzburg and D. O'Connor and A. Mart{\'\i}nez and G. A. Wurtz and A. V. Zayats},
	date-added = {2022-04-28 12:28:12 +0900},
	date-modified = {2022-04-28 12:39:43 +0900},
	journal = {Science},
	pages = {328-330},
	title = {Near-Field Interference for the Unidirectional Excitation of Electromagnetic Guided Modes},
	volume = {340},
	year = {2013}}

@article{Sonner2021,
	author = {M. M. Sonner and F. Khosravi and L. Janker and D. Rudolph and G. Koblm{\"u}ller and Z. Jacob and H. J. Krenner},
	date-added = {2022-04-28 00:23:15 +0900},
	date-modified = {2022-04-28 00:24:56 +0900},
	journal = {Sci. Adv.},
	pages = {eabf7414},
	title = {Ultrafast electron cycloids driven by the transverse spin of a surface acoustic wave},
	volume = {7},
	year = {2021}}

@book{LL_elasticity,
	author = {L. D. Landau and E. M. Lifshitz},
	date-added = {2022-04-27 23:22:25 +0900},
	date-modified = {2022-04-27 23:23:20 +0900},
	publisher = {{Pergamon Press, Oxford}},
	title = {Theory of Elasticity},
	year = {1970}}

@article{Wang2018,
	author = {S. Wang and G. Ma and C. T. Chan},
	date-added = {2022-04-27 11:42:36 +0900},
	date-modified = {2022-04-27 11:43:36 +0900},
	journal = {Sci. Adv.},
	pages = {eaaq1475},
	title = {Topological transport of sound mediated by spin-redirection geometric phase},
	volume = {4},
	year = {2018}}

@article{Wunenburger2015,
	author = {R. Wunenburger and J. I. Vazquez Lozano and E. Brasselet},
	date-added = {2022-04-27 11:41:18 +0900},
	date-modified = {2022-04-27 11:42:20 +0900},
	journal = {New J. Phys.},
	pages = {103022},
	title = {Acoustic orbital angular momentum transfer to matter by chiral scattering},
	volume = {17},
	year = {2015}}

@article{Zhang2011,
	author = {L. Zhang and P. L. Marston},
	date-added = {2022-04-27 11:39:25 +0900},
	date-modified = {2022-04-28 01:21:22 +0900},
	journal = {Phys. Rev. E},
	pages = {065601(R)},
	title = {Angular momentum flux of nonparaxial acoustic vortex beams and torques on axisymmetric objects},
	volume = {84},
	year = {2011}}

@article{Thomas2003,
	author = {J.-L. Thomas and R. Marchiano},
	date-added = {2022-04-27 11:37:40 +0900},
	date-modified = {2022-04-27 11:38:49 +0900},
	journal = {Phys. Rev. Lett.},
	pages = {244302},
	title = {Pseudo Angular Momentum and Topological Charge Conservation for Nonlinear Acoustical Vortices},
	volume = {91},
	year = {2003}}

@article{Lazar2007,
	author = {M. Lazar and H. O. K. Kirchner},
	date-added = {2022-04-27 11:34:21 +0900},
	date-modified = {2022-04-27 11:36:22 +0900},
	journal = {Int. J. Solids Structur.},
	pages = {2477-2486},
	title = {{The Eshelby stress tensor, angular momentum tensor and dilatation flux in gradient elasticity}},
	volume = {44},
	year = {2007}}

@article{Chaplain2022_II,
	author = {G. J. Chaplain and J. M. De Ponti and T. A. Starkey},
	date-added = {2022-04-27 11:33:00 +0900},
	date-modified = {2022-04-27 11:34:03 +0900},
	journal = {arXiv:2203.11823},
	title = {Observation of Elastic Orbital Angular Momentum Transfer},
	year = {2022}}

@article{Wang2021NC,
	author = {S. Wang and G. Zhang and X. Wang and Q. Tong and J. Li and G. Ma},
	date-added = {2022-04-27 10:54:58 +0900},
	date-modified = {2022-04-27 10:56:12 +0900},
	journal = {Nat. Commun.},
	pages = {6125},
	title = {Spin-orbit interactions of transverse sound},
	volume = {12},
	year = {2021}}

@article{Chaplain2022,
	author = {G. J. Chaplain and J. M. De Ponti and R. V. Craster},
	date-added = {2022-04-26 23:05:45 +0900},
	date-modified = {2022-04-26 23:06:41 +0900},
	journal = {Phys. Rev. Lett.},
	pages = {064301},
	title = {Elastic Orbital Angular Momentum},
	volume = {128},
	year = {2022}}

@article{Gaponov1958,
	author = {A. V. Gaponov and M. A. Miller},
	date-added = {2022-04-07 17:29:36 +0900},
	date-modified = {2022-04-07 17:31:20 +0900},
	journal = {Sov. Phys. JETP},
	pages = {168-169},
	title = {Potential wells for charged particles in a high-frequency electromagnetic field},
	volume = {7},
	year = {1958}}

@article{Meng2019,
	author = {L. Meng and F. Cai and F. Li and W. Zhou and L. Niu and H. Zheng},
	date-added = {2022-04-07 17:00:46 +0900},
	date-modified = {2022-04-24 16:50:47 +0900},
	journal = {J. Phys. D: Appl. Phys.},
	pages = {273001},
	title = {Acoustic tweezers},
	volume = {52},
	year = {2019}}

@article{Webb2016,
	author = {K. J. Webb},
	date-added = {2022-03-28 18:47:11 +0900},
	date-modified = {2022-03-28 18:47:49 +0900},
	journal = {Phys. Rev. B},
	pages = {064203},
	title = {{Relationship between the Einstein-Laub electromagnetic force and the Lorentz force on free charge}},
	volume = {94},
	year = {2016}}

@article{Mansuripur2014,
	author = {M. Mansuripur},
	date-added = {2022-03-28 18:44:18 +0900},
	date-modified = {2022-03-28 18:46:33 +0900},
	journal = {IEEE Trans. Magn.},
	pages = {1300110},
	title = {{The Lorentz Force Law and its Connections to Hidden Momentum, the Einstein-Laub Force, and the Aharonov-Casher Effect}},
	volume = {50},
	year = {2014}}

@article{Einstein1908,
	author = {A. Einstein and J. Laub},
	date-added = {2022-03-28 18:36:02 +0900},
	date-modified = {2022-03-28 18:37:34 +0900},
	journal = {Annalen der Physik},
	pages = {541--550},
	title = {{\"{U}ber die im elektromagnetischen Felde auf ruhende K\"{o}rper ausge\"{u}bten ponderomotorischen Kr\"{a}fte}},
	volume = {331},
	year = {1908}}

@book{Maier_book,
	author = {S. A. Maier},
	date-added = {2022-03-28 17:26:39 +0900},
	date-modified = {2022-03-28 17:27:26 +0900},
	publisher = {Springer, Berlin},
	title = {Plasmonics: Fundamentals and Applications},
	year = {2007}}

@book{Falkovich_book,
	author = {G. Falkovich},
	date-added = {2022-03-28 17:04:27 +0900},
	date-modified = {2022-03-28 17:10:31 +0900},
	edition = {2nd ed.},
	publisher = {Cambridge University Press},
	title = {Fluid Mechanics},
	year = {2018}}

@article{Bliokh2022_II,
	author = {K. Y. Bliokh and Y. P. Bliokh},
	date-added = {2022-03-28 16:48:07 +0900},
	date-modified = {2022-03-28 16:48:56 +0900},
	journal = {arXiv:2203.05240},
	title = {Momentum, angular momentum, and spin of waves in plasma},
	year = {2022}}

@article{Ding2013,
	author = {X. Ding and P. Li and S.-C. S. Lin and Z. S. Stratton and N. Nama and F. Guo and D. Slotcavage and X. Mao and J. Shi and F. Costanzo and T. J. Huang},
	date-added = {2022-03-26 18:21:39 +0900},
	date-modified = {2022-03-26 18:21:39 +0900},
	journal = {Lab Chip.},
	pages = {3626},
	title = {Surface acoustic wave microfluidics},
	volume = {13},
	year = {2013}}

@article{Aspelmeyer2014,
	author = {M. Aspelmeyer and T. J. Kippenberg and F. Marquardt},
	date-added = {2022-03-26 18:21:28 +0900},
	date-modified = {2022-03-26 18:21:28 +0900},
	journal = {Rev. Mod. Phys.},
	pages = {1391},
	title = {Cavity optomechanics},
	volume = {86},
	year = {2014}}

@article{Phillips1998,
	author = {W. D. Phillips},
	date-added = {2022-03-26 18:21:16 +0900},
	date-modified = {2022-03-26 18:21:16 +0900},
	journal = {Rev. Mod. Phys.},
	pages = {721},
	title = {Laser cooling and trapping of neutral atoms},
	volume = {70},
	year = {1998}}

@article{Chu1998,
	author = {S. Chu},
	date-added = {2022-03-26 18:21:07 +0900},
	date-modified = {2022-03-26 18:21:07 +0900},
	journal = {Rev. Mod. Phys.},
	pages = {685},
	title = {The manipulation of neutral particles},
	volume = {70},
	year = {1998}}

@article{Stenholm1986,
	author = {S. Stenholm},
	date-added = {2022-03-26 18:20:56 +0900},
	date-modified = {2022-03-26 18:20:56 +0900},
	journal = {Rev. Mod. Phys.},
	pages = {699},
	title = {The semiclassical theory of laser cooling},
	volume = {58},
	year = {1986}}

@article{Dholakia2020,
	author = {K. Dholakia and B. W. Drinkwater and M. Ritsch-Marte},
	date-added = {2022-03-26 18:18:59 +0900},
	date-modified = {2022-03-26 18:20:09 +0900},
	journal = {Nat. Rev. Phys.},
	pages = {480--491},
	title = {Comparing acoustic and optical forces for biomedical research},
	volume = {2},
	year = {2020}}

@article{Peskin2010,
	author = {C. S. Peskin},
	date-added = {2022-03-26 15:30:05 +0900},
	date-modified = {2022-03-26 15:35:00 +0900},
	journal = {{The Silver Dialogues, New York Univ.}},
	title = {Wave momentum},
	urldate = {www.math.nyu.edu/faculty/peskin/papers/wave_momentum.pdf},
	year = {2010}}

@article{Bruus2012,
	abstract = {In this paper, Part 7 of the thematic tutorial series "Acoustofluidics-exploiting ultrasonic standing waves, forces and acoustic streaming in microfluidic systems for cell and particle manipulation", we present the theory of the acoustic radiation force; a second-order, time-averaged effect responsible for the acoustophoretic motion of suspended, micrometre-sized particles in an ultrasound field.},
	annote = {Из них вроде следует, что при малом контрасте параметров, сила акустического давления точно пропорциональна градиенту плотности энергии волны.},
	author = {H. Bruus},
	date-added = {2022-03-25 18:53:51 +0900},
	date-modified = {2022-03-25 18:53:55 +0900},
	journal = {Lab Chip.},
	pages = {1014},
	title = {{Acoustofluidics 7: The acoustic radiation force on small particles}},
	volume = {12},
	year = {2012},
	Bdsk-Url-1 = {http://dx.doi.org/10.1039/c2lc21068a}}

@article{Sukhov2017,
	author = {S. Sukhov and A. Dogariu},
	date-added = {2022-03-25 18:51:34 +0900},
	date-modified = {2022-03-25 18:51:34 +0900},
	journal = {Rep. Prog. Phys.},
	pages = {112001},
	title = {Non-conservative optical forces},
	volume = {80},
	year = {2017}}

@article{Dienerowitz2008,
	author = {M. Dienerowitz and M. Mazilu and K. Dholakia},
	date-added = {2022-03-25 18:51:03 +0900},
	date-modified = {2022-03-25 18:51:03 +0900},
	journal = {J. Nanophoton.},
	pages = {021875},
	title = {Optical manipulation of nanoparticles: a review},
	volume = {2},
	year = {2008}}

@article{Grier2003,
	author = {D. G. Grier},
	date-added = {2022-03-25 18:50:42 +0900},
	date-modified = {2022-03-25 18:50:42 +0900},
	journal = {Nature},
	pages = {810},
	title = {A revolution in optical manipulation},
	volume = {424},
	year = {2003}}

@article{Ashkin2000,
	author = {A. Ashkin},
	date-added = {2022-03-25 18:50:15 +0900},
	date-modified = {2022-03-25 18:50:15 +0900},
	journal = {IEEE J. Sel. Top. Quant. Electron.},
	pages = {841},
	title = {History of Optical Trapping and Manipulation of Small-Neutral Particle, Atoms, and Molecules},
	volume = {6},
	year = {2000}}

@article{Vieira2018,
	author = {Vieira, J. and Mendon{\c{c}}a, J. T. and Qu{\'e}r{\'e}, F.},
	date-added = {2022-03-24 12:26:58 +0900},
	date-modified = {2022-03-24 12:28:11 +0900},
	journal = {Phys. Rev. Lett.},
	pages = {054801},
	publisher = {American Physical Society},
	title = {Optical Control of the Topology of Laser-Plasma Accelerators},
	volume = {121},
	year = {2018},
	Bdsk-Url-1 = {https://link.aps.org/doi/10.1103/PhysRevLett.121.054801},
	Bdsk-Url-2 = {https://doi.org/10.1103/PhysRevLett.121.054801}}

@article{Dewar1972,
	author = {R. L. Dewar and J. Lindl},
	date-added = {2022-03-10 17:31:58 +0900},
	date-modified = {2022-03-10 17:33:56 +0900},
	journal = {Phys. Fluids},
	pages = {820--824},
	title = {Nonlinear frequency shift of a plasma wave},
	volume = {15},
	year = {1972}}

@article{Dodin2015,
	author = {C. Liu and I. Y. Dodin},
	date-added = {2022-03-09 13:57:30 +0900},
	date-modified = {2022-03-09 13:58:13 +0900},
	journal = {Phys. Plasmas},
	pages = {082117},
	title = {Nonlinear frequency shift of electrostatic waves in general collisionless plasma: Unifying theory of fluid and kinetic nonlinearities},
	volume = {22},
	year = {2015}}

@article{Dodin2022,
	author = {I. Y. Dodin},
	date-added = {2022-03-07 15:59:57 +0900},
	date-modified = {2022-03-07 16:01:43 +0900},
	journal = {arXiv:2201.08562},
	title = {Quasilinear theory for inhomogeneous plasma},
	year = {2022}}

@article{Barnett2013,
	author = {S. M. Barnett and M. V. Berry},
	date-added = {2022-03-03 16:05:12 +0900},
	date-modified = {2022-03-03 16:05:51 +0900},
	journal = {J. Opt.},
	pages = {125701},
	title = {Superweak momentum transfer near optical vortices},
	volume = {15},
	year = {2013}}

@article{Fernandez2013,
	author = {I. Fernandez-Corbaton and X. Zambrana-Puyalto and N. Tischler and X. Vidal and M. L. Juan and G. Molina-Terriza},
	date-added = {2022-03-03 15:01:51 +0900},
	date-modified = {2022-03-03 16:04:19 +0900},
	journal = {Phys. Rev. Lett.},
	pages = {060401},
	title = {{Electromagnetic duality symmetry and helicity conservation for the macroscopic Maxwell's equations}},
	volume = {111},
	year = {2013}}

@article{Trueba1996,
	author = {J. L. Trueba and A. F. Ra{\~{n}}ada},
	date-added = {2022-03-03 15:00:21 +0900},
	date-modified = {2022-03-03 15:04:13 +0900},
	journal = {Eur. J. Phys.},
	pages = {141--144},
	title = {The electromagnetic helicity},
	volume = {17},
	year = {1996}}

@article{Afanasiev1996,
	author = {G. N. Afanasiev and Y. P. Stepanovsky},
	date-added = {2022-03-03 14:58:48 +0900},
	date-modified = {2022-03-03 14:59:51 +0900},
	journal = {Nuovo Cimento A},
	pages = {271--279},
	title = {The helicity of the free electromagnetic field and its physical meaning},
	volume = {109},
	year = {1996}}

@article{Calkin1965,
	author = {M. G. Calkin},
	date-added = {2022-03-03 14:53:49 +0900},
	date-modified = {2022-03-03 14:54:53 +0900},
	journal = {Am. J. Phys.},
	pages = {958--960},
	title = {An invariance property of the free electromagnetic field},
	volume = {33},
	year = {1965}}

@article{Neugebauer2015,
	author = {Neugebauer, M. and Bauer, T. and Aiello, A. and Banzer, P.},
	date-added = {2022-03-03 13:30:49 +0900},
	date-modified = {2022-03-03 13:31:21 +0900},
	journal = {Phys. Rev. Lett.},
	month = {Feb},
	numpages = {5},
	pages = {063901},
	publisher = {American Physical Society},
	title = {Measuring the Transverse Spin Density of Light},
	volume = {114},
	year = {2015},
	Bdsk-Url-1 = {https://link.aps.org/doi/10.1103/PhysRevLett.114.063901},
	Bdsk-Url-2 = {https://doi.org/10.1103/PhysRevLett.114.063901}}

@article{Garces2003,
	author = {Garc\'{e}s-Ch\'{a}vez, V. and McGloin, D. and Padgett, M. J. and Dultz, W. and Schmitzer, H. and Dholakia, K.},
	date-added = {2022-03-03 13:28:57 +0900},
	date-modified = {2022-03-03 13:29:29 +0900},
	journal = {Phys. Rev. Lett.},
	month = {Aug},
	numpages = {4},
	pages = {093602},
	publisher = {American Physical Society},
	title = {Observation of the Transfer of the Local Angular Momentum Density of a Multiringed Light Beam to an Optically Trapped Particle},
	volume = {91},
	year = {2003},
	Bdsk-Url-1 = {https://link.aps.org/doi/10.1103/PhysRevLett.91.093602},
	Bdsk-Url-2 = {https://doi.org/10.1103/PhysRevLett.91.093602}}

@article{ONeil2002,
	author = {O'Neil, A. T. and MacVicar, I. and Allen, L. and Padgett, M. J.},
	date-added = {2022-03-03 13:27:55 +0900},
	date-modified = {2022-03-03 13:28:15 +0900},
	journal = {Phys. Rev. Lett.},
	month = {Jan},
	numpages = {4},
	pages = {053601},
	publisher = {American Physical Society},
	title = {Intrinsic and Extrinsic Nature of the Orbital Angular Momentum of a Light Beam},
	volume = {88},
	year = {2002},
	Bdsk-Url-1 = {https://link.aps.org/doi/10.1103/PhysRevLett.88.053601},
	Bdsk-Url-2 = {https://doi.org/10.1103/PhysRevLett.88.053601}}

@article{Matsudo1998,
	abstract = {We perform saturated absorption spectroscopy using counterpropagating evanescent waves at different incident angles. The experimental results show that a crossover resonance splits into two resonant peaks, and the separation increases with an increase in the difference between the incident angles of the pump and the probe evanescent waves. This indicates that the pseudomomentum of the evanescent wave, which is the wave vector along the surface multiplied by ℏ and is larger than the momentum in vacuum, is actually transferred to the atoms as a real recoil momentum.},
	author = {T. Matsudo and Y. Takahara and H. Hori and T. Sakurai},
	date-added = {2022-03-03 13:25:24 +0900},
	date-modified = {2022-03-03 13:26:05 +0900},
	issn = {0030-4018},
	journal = {Opt. Commun.},
	keywords = {Evanescent wave, Pseudomomentum transfer, Saturated absorption spectroscopy, Crossover resonance, Doppler shift},
	pages = {64--68},
	title = {Pseudomomentum transfer from evanescent waves to atoms measured by saturated absorption spectroscopy},
	volume = {145},
	year = {1998},
	Bdsk-Url-1 = {https://www.sciencedirect.com/science/article/pii/S0030401897004203},
	Bdsk-Url-2 = {https://doi.org/10.1016/S0030-4018(97)00420-3}}

@article{Huard1978,
	author = {S. Huard and C. Imbert},
	date-added = {2022-03-03 13:22:24 +0900},
	date-modified = {2022-03-03 13:23:58 +0900},
	journal = {Opt. Commun.},
	pages = {185--189},
	title = {Measurement of exchanged momentum during interaction between surface-wave and moving atom},
	volume = {24},
	year = {1978}}

@article{Gordon1973,
	author = {Gordon, J. P.},
	date-added = {2022-03-03 13:15:19 +0900},
	date-modified = {2022-03-03 13:15:39 +0900},
	journal = {Phys. Rev. A},
	numpages = {0},
	pages = {14--21},
	publisher = {American Physical Society},
	title = {Radiation Forces and Momenta in Dielectric Media},
	volume = {8},
	year = {1973},
	Bdsk-Url-1 = {https://link.aps.org/doi/10.1103/PhysRevA.8.14},
	Bdsk-Url-2 = {https://doi.org/10.1103/PhysRevA.8.14}}

@article{Blackman2019,
	author = {Blackman, D. R. and Nuter, R. and Korneev, Ph. and Tikhonchuk, V. T.},
	date-added = {2022-03-02 17:59:10 +0900},
	date-modified = {2022-03-02 17:59:28 +0900},
	journal = {Phys. Rev. E},
	numpages = {11},
	pages = {013204},
	publisher = {American Physical Society},
	title = {Kinetic plasma waves carrying orbital angular momentum},
	volume = {100},
	year = {2019},
	Bdsk-Url-1 = {https://link.aps.org/doi/10.1103/PhysRevE.100.013204},
	Bdsk-Url-2 = {https://doi.org/10.1103/PhysRevE.100.013204}}

@article{Mendonca2009,
	author = {Mendonca, J. T. and Ali, S. and Thid\'{e}, B.},
	date-added = {2022-03-02 17:57:02 +0900},
	date-modified = {2022-03-02 17:57:31 +0900},
	journal = {Physics of Plasmas},
	pages = {112103},
	title = {Plasmons with orbital angular momentum},
	volume = {16},
	year = {2009},
	Bdsk-Url-1 = {https://doi.org/10.1063/1.3261802}}

@article{Esarey2009,
	author = {Esarey, E. and Schroeder, C. B. and Leemans, W. P.},
	date-added = {2022-03-02 17:55:48 +0900},
	date-modified = {2022-03-02 17:56:06 +0900},
	journal = {Rev. Mod. Phys.},
	numpages = {0},
	pages = {1229--1285},
	publisher = {American Physical Society},
	title = {Physics of laser-driven plasma-based electron accelerators},
	volume = {81},
	year = {2009},
	Bdsk-Url-1 = {https://link.aps.org/doi/10.1103/RevModPhys.81.1229},
	Bdsk-Url-2 = {https://doi.org/10.1103/RevModPhys.81.1229}}

@book{Krall,
	author = {N. A. Krall and A. W. Trivelpiece},
	date-added = {2022-03-02 17:52:56 +0900},
	date-modified = {2022-03-02 17:54:22 +0900},
	publisher = {McGraw-Hill, New York},
	title = {Principles of Plasma Physics},
	year = {1973}}

@article{Rubinsztein_Dunlop_2016,
	abstract = {Structured light refers to the generation and application of custom light fields. As the tools and technology to create and detect structured light have evolved, steadily the applications have begun to emerge. This roadmap touches on the key fields within structured light from the perspective of experts in those areas, providing insight into the current state and the challenges their respective fields face. Collectively the roadmap outlines the venerable nature of structured light research and the exciting prospects for the future that are yet to be realized.},
	author = {H. Rubinsztein-Dunlop and A. Forbes and M. V. Berry and M. R. Dennis and D. L. Andrews and M. Mansuripur and C. Denz and C. Alpmann and P. Banzer and T. Bauer and E. Karimi and L. Marrucci and M. Padgett and M. Ritsch-Marte and N. M. Litchinitser and N. P. Bigelow and C. Rosales-Guzm{\'{a}}n and A. Belmonte and J. P. Torres and T. W. Neely and M. Baker and R. Gordon and A. B. Stilgoe and J. Romero and A. G. White and R. Fickler and A. E. Willner and G. Xie and B. McMorran and A. M. Weiner},
	date-added = {2022-03-02 17:07:14 +0900},
	date-modified = {2022-03-02 17:10:40 +0900},
	journal = {J. Opt.},
	month = {nov},
	pages = {013001},
	publisher = {{IOP} Publishing},
	title = {Roadmap on structured light},
	volume = {19},
	year = 2016,
	Bdsk-Url-1 = {https://doi.org/10.1088/2040-8978/19/1/013001}}

@article{Dewar1977,
	author = {R. L. Dewar},
	date-added = {2022-03-02 16:22:11 +0900},
	date-modified = {2022-03-02 16:22:56 +0900},
	journal = {Aust. J. Phys.},
	pages = {533-575},
	title = {Energy-Momentum Tensors for Dispersive Electromagnetic Waves},
	volume = {30},
	year = {1977}}

@article{Bliokh2014NJP,
	author = {K. Y. Bliokh and J. Dressel and F. Nori},
	date-added = {2022-03-02 15:55:08 +0900},
	date-modified = {2022-03-02 15:56:00 +0900},
	journal = {New J. Phys.},
	pages = {093037},
	title = {Conservation of the spin and orbital angular momenta in electromagnetism},
	volume = {16},
	year = 2014,
	Bdsk-Url-1 = {https://doi.org/10.1088/1367-2630/15/3/033026},
	Bdsk-Url-2 = {http://dx.doi.org/10.1088/1367-2630/15/3/033026}}

@article{Bliokh2014NC,
	author = {K. Y. Bliokh and A. Y. Bekshaev and F. Nori},
	date-added = {2022-03-02 15:52:33 +0900},
	date-modified = {2022-03-02 15:53:14 +0900},
	journal = {Nat. Commun.},
	pages = {3300},
	title = {Extraordinary momentum and spin in evanescent waves},
	volume = {5},
	year = {2014}}

@article{Jones1973,
	author = {W. L. Jones},
	date-added = {2022-03-02 15:45:09 +0900},
	date-modified = {2022-03-02 15:45:58 +0900},
	journal = {J. Fluid Mech.},
	pages = {737--747},
	title = {Asymmetric wave-stress tensors and wave spin},
	volume = {58},
	year = {1973}}

@article{Streib2021,
	author = {Streib, S.},
	date-added = {2022-03-02 15:43:03 +0900},
	date-modified = {2022-03-02 15:43:27 +0900},
	journal = {Phys. Rev. B},
	month = {Mar},
	numpages = {6},
	pages = {L100409},
	publisher = {American Physical Society},
	title = {Difference between angular momentum and pseudoangular momentum},
	volume = {103},
	year = {2021},
	Bdsk-Url-1 = {https://link.aps.org/doi/10.1103/PhysRevB.103.L100409},
	Bdsk-Url-2 = {https://doi.org/10.1103/PhysRevB.103.L100409}}

@article{Zhang2014,
	author = {L. Zhang and Q. Niu},
	date-added = {2022-03-02 15:39:53 +0900},
	date-modified = {2022-03-03 15:57:34 +0900},
	journal = {Phys. Rev. Lett.},
	pages = {085503},
	title = {{Angular momentum of phonons and the Einstein--de Haas effect}},
	volume = {112},
	year = {2014}}

@incollection{Stone2002,
	author = {M. Stone},
	booktitle = {Artificial Black Holes},
	date-added = {2022-03-02 15:20:50 +0900},
	date-modified = {2022-03-02 15:23:21 +0900},
	editor = {M. Novello and M. Visser and G. Volovik},
	publisher = {World Scientific, Singapore},
	title = {Phonons and forces: Momentum versus pseudomomentum in moving fluids},
	year = {2002}}

@article{Leader2014,
	author = {E. Leader and C. Lorc\'{e}},
	date-added = {2022-03-02 15:08:43 +0900},
	date-modified = {2022-03-02 15:09:38 +0900},
	journal = {Phys. Rep.},
	pages = {163--248},
	title = {The angular momentum controversy: What's it all about and does it matter?},
	volume = {541},
	year = {2014}}

@article{Rosenfeld1940,
	author = {L. Rosenfeld},
	date-added = {2022-03-02 15:07:23 +0900},
	date-modified = {2022-03-02 15:08:07 +0900},
	journal = {Memoirs Acad. Roy. de Belgique},
	pages = {1--30},
	title = {On the energy-momentum tensor},
	volume = {18},
	year = {1940}}

@article{Belinfante1940,
	author = {F. J. Belinfante},
	date-added = {2022-03-02 15:06:15 +0900},
	date-modified = {2022-03-02 15:07:03 +0900},
	journal = {Physica},
	pages = {449--474},
	title = {On the current and the density of the electric charge, the energy, the linear momentum and the angular momentum of arbitrary fields},
	volume = {7},
	year = {1940}}

@book{Peierls_II,
	author = {R. Peierls},
	date-added = {2022-03-02 15:04:44 +0900},
	date-modified = {2022-03-02 15:05:07 +0900},
	publisher = {Princeton University Press, Princeton},
	title = {More Surprises in Theoretical Physics},
	year = {1991}}

@book{Peierls_I,
	author = {R. Peierls},
	date-added = {2022-03-02 15:03:04 +0900},
	date-modified = {2022-03-02 15:04:13 +0900},
	publisher = {Princeton University Press, Princeton},
	title = {Surprises in Theoretical Physics},
	year = {1979}}

@article{McIntyre1981,
	author = {M. E. McIntyre},
	date-added = {2022-03-02 14:59:00 +0900},
	date-modified = {2022-03-02 14:59:48 +0900},
	journal = {J. Fluid Mech.},
	pages = {331--347},
	title = {On the `wave momentum' myth},
	volume = {106},
	year = {1981}}

@article{Herczynski2012,
	author = {A. Herczy\'{n}ski},
	date-added = {2022-02-25 14:56:50 +0900},
	date-modified = {2022-02-25 14:57:51 +0900},
	journal = {Am. J. Phys.},
	pages = {202--205},
	title = {Bound charges and currents},
	volume = {81},
	year = {2012}}

@book{Akhiezer_book,
	author = {A. I. Akhiezer and I. A. Akhiezer and R. V. Polovin and A. G. Sitenko and K. N. Stepanov},
	date-added = {2022-02-25 14:50:32 +0900},
	date-modified = {2022-02-25 14:52:00 +0900},
	publisher = {{Pergamon Press, Oxford}},
	title = {Plasma Electrodynamics},
	year = {1975}}

@article{Philbin2012_II,
	author = {Philbin, T. G. and Allanson, O.},
	date-added = {2022-02-22 15:18:09 +0900},
	date-modified = {2022-02-22 15:18:33 +0900},
	journal = {Phys. Rev. A},
	numpages = {4},
	pages = {055802},
	title = {Optical angular momentum in dispersive media},
	volume = {86},
	year = {2012},
	Bdsk-Url-1 = {https://link.aps.org/doi/10.1103/PhysRevA.86.055802},
	Bdsk-Url-2 = {https://doi.org/10.1103/PhysRevA.86.055802}}

@article{Partanen2017,
	author = {Partanen, M. and Tulkki, J.},
	date-added = {2022-02-22 13:48:43 +0900},
	date-modified = {2022-02-22 13:49:06 +0900},
	journal = {Phys. Rev. A},
	month = {Dec},
	pages = {063834},
	publisher = {American Physical Society},
	title = {Mass-polariton theory of light in dispersive media},
	volume = {96},
	year = {2017},
	Bdsk-Url-1 = {https://link.aps.org/doi/10.1103/PhysRevA.96.063834},
	Bdsk-Url-2 = {https://doi.org/10.1103/PhysRevA.96.063834}}

@article{Dodin2012,
	author = {Dodin, I. Y. and Fisch, N. J.},
	date-added = {2022-02-22 13:40:45 +0900},
	date-modified = {2022-04-24 16:29:06 +0900},
	journal = {Phys. Rev. A},
	numpages = {16},
	pages = {053834},
	publisher = {American Physical Society},
	title = {{Axiomatic geometrical optics, Abraham-Minkowski controversy, and photon properties derived classically}},
	volume = {86},
	year = {2012},
	Bdsk-Url-1 = {https://link.aps.org/doi/10.1103/PhysRevA.86.053834},
	Bdsk-Url-2 = {https://doi.org/10.1103/PhysRevA.86.053834}}

@article{Philbin2012,
	author = {Philbin, T. G.},
	date-added = {2022-02-22 13:39:42 +0900},
	date-modified = {2022-03-14 17:58:53 +0900},
	journal = {Phys. Rev. A},
	month = {May},
	pages = {059902(E)},
	publisher = {American Physical Society},
	title = {{Erratum: Electromagnetic energy momentum in dispersive media [Phys. Rev. A 83, 013823 (2011)]}},
	volume = {85},
	year = {2012},
	Bdsk-Url-1 = {https://link.aps.org/doi/10.1103/PhysRevA.85.059902},
	Bdsk-Url-2 = {https://doi.org/10.1103/PhysRevA.85.059902}}

@article{Philbin2011,
	author = {Philbin, T. G.},
	date-added = {2022-02-22 13:38:34 +0900},
	date-modified = {2022-02-22 13:38:51 +0900},
	journal = {Phys. Rev. A},
	pages = {013823},
	publisher = {American Physical Society},
	title = {Electromagnetic energy momentum in dispersive media},
	volume = {83},
	year = {2011},
	Bdsk-Url-1 = {https://link.aps.org/doi/10.1103/PhysRevA.83.013823},
	Bdsk-Url-2 = {https://doi.org/10.1103/PhysRevA.83.013823}}

@article{Nelson1991,
	author = {Nelson, D. F.},
	date-added = {2022-02-22 13:36:37 +0900},
	date-modified = {2022-03-03 16:00:14 +0900},
	issue = {6},
	journal = {Phys. Rev. A},
	month = {Sep},
	pages = {3985--3996},
	publisher = {American Physical Society},
	title = {{Momentum, pseudomomentum, and wave momentum: Toward resolving the Minkowski-Abraham controversy}},
	volume = {44},
	year = {1991},
	Bdsk-Url-1 = {https://link.aps.org/doi/10.1103/PhysRevA.44.3985},
	Bdsk-Url-2 = {https://doi.org/10.1103/PhysRevA.44.3985}}

@article{Kemp2011,
	author = {B. A. Kemp},
	date-added = {2022-02-22 13:20:31 +0900},
	date-modified = {2022-03-25 18:57:44 +0900},
	journal = {J. Appl. Phys.},
	pages = {111101},
	title = {{Resolution of the Abraham-Minkowski debate: Implications for the electromagnetic wave theory of light in matter}},
	volume = {109},
	year = {2011}}

@article{Brevik1979,
	author = {I. Brevik},
	date-added = {2022-02-22 13:17:48 +0900},
	date-modified = {2022-02-22 13:18:50 +0900},
	journal = {Phys. Rep.},
	pages = {133--201},
	title = {Experiments in phenomenological electrodynamics and the electromagnetic energy-momentum tensor},
	volume = {52},
	year = {1979}}

@article{Hertel2006,
	author = {R. Hertel},
	date-added = {2022-02-21 18:11:25 +0900},
	date-modified = {2022-02-21 18:13:20 +0900},
	journal = {J. Magn. Magn. Mater.},
	pages = {L1--L4},
	title = {{Theory of the inverse Faraday effect in metals}},
	volume = {303},
	year = {2006}}

@article{Stamper1971,
	author = {Stamper, J. A. and Papadopoulos, K. and Sudan, R. N. and Dean, S. O. and McLean, E. A. and Dawson, J. M.},
	date-added = {2022-02-21 17:36:29 +0900},
	date-modified = {2022-02-21 17:36:47 +0900},
	journal = {Phys. Rev. Lett.},
	numpages = {0},
	pages = {1012--1015},
	publisher = {American Physical Society},
	title = {Spontaneous Magnetic Fields in Laser-Produced Plasmas},
	volume = {26},
	year = {1971},
	Bdsk-Url-1 = {https://link.aps.org/doi/10.1103/PhysRevLett.26.1012},
	Bdsk-Url-2 = {https://doi.org/10.1103/PhysRevLett.26.1012}}

@article{DiVergilio1977,
	author = {DiVergilio, W. F. and Wong, A. Y. and Kim, H. C. and Lee, Y. C.},
	date-added = {2022-02-21 17:35:36 +0900},
	date-modified = {2022-02-21 17:35:55 +0900},
	journal = {Phys. Rev. Lett.},
	numpages = {0},
	pages = {541--544},
	publisher = {American Physical Society},
	title = {Self-Generated Magnetic Fields in the Microwave Plasma Resonant Interaction},
	volume = {38},
	year = {1977},
	Bdsk-Url-1 = {https://link.aps.org/doi/10.1103/PhysRevLett.38.541},
	Bdsk-Url-2 = {https://doi.org/10.1103/PhysRevLett.38.541}}

@article{Stamper1975,
	author = {Stamper, J. A. and Ripin, B. H.},
	date-added = {2022-02-21 17:34:19 +0900},
	date-modified = {2022-02-21 17:34:33 +0900},
	issue = {3},
	journal = {Phys. Rev. Lett.},
	month = {Jan},
	pages = {138--141},
	publisher = {American Physical Society},
	title = {Faraday-Rotation Measurements of Megagauss Magnetic Fields in Laser-Produced Plasmas},
	volume = {34},
	year = {1975},
	Bdsk-Url-1 = {https://link.aps.org/doi/10.1103/PhysRevLett.34.138},
	Bdsk-Url-2 = {https://doi.org/10.1103/PhysRevLett.34.138}}

@article{Pitaevskii1961,
	author = {L. P. Pitaevskii},
	date-added = {2022-02-21 17:18:46 +0900},
	date-modified = {2022-02-21 17:19:51 +0900},
	journal = {Sov. Phys. JETP},
	pages = {1008--1013},
	title = {Electronic forces in a transparent dispersive medium},
	volume = {12},
	year = {1961}}

@article{Mora1978,
	author = {P. Mora and R. Pellat},
	date-added = {2022-02-21 17:18:03 +0900},
	date-modified = {2022-02-21 17:18:43 +0900},
	journal = {Phys. Lett. A},
	pages = {28--30},
	title = {Renormalized theory of magnetic field generation in resonance absorption},
	volume = {66},
	year = {1978}}

@article{Bezzerides1977,
	author = {Bezzerides, B. and DuBois, D. F. and Forslund, D. W. and Lindman, E. L.},
	date-added = {2022-02-21 17:17:12 +0900},
	date-modified = {2022-02-21 17:17:37 +0900},
	journal = {Phys. Rev. Lett.},
	month = {Feb},
	numpages = {0},
	pages = {495--498},
	publisher = {American Physical Society},
	title = {Magnetic Field Generation in Resonance Absorption of Light},
	volume = {38},
	year = {1977},
	Bdsk-Url-1 = {https://link.aps.org/doi/10.1103/PhysRevLett.38.495},
	Bdsk-Url-2 = {https://doi.org/10.1103/PhysRevLett.38.495}}

@article{Bekshaev2015,
	author = {A. Y. Bekshaev and K. Y. Bliokh and F. Nori},
	date-added = {2022-02-21 13:59:14 +0900},
	date-modified = {2022-02-21 13:59:14 +0900},
	journal = {Phys. Rev. X},
	pages = {011039},
	title = {Transverse Spin and Momentum in Two-Wave Interference},
	volume = {5},
	year = {2015}}

@article{Bekshaev2018,
	author = {A. Y. Bekshaev and K. Y. Bliokh},
	date-added = {2022-02-21 13:27:01 +0900},
	date-modified = {2022-02-21 13:28:01 +0900},
	journal = {Ukr. J. Phys. Opt.},
	pages = {33--48},
	title = {Spin and momentum of the light fields in inhomogeneous dispersive media with application to surface plasmon-polariton waves},
	volume = {19},
	year = {2018}}

@article{Dressel2015,
	author = {J. Dressel and K. Y. Bliokh and F. Nori},
	date-added = {2022-02-20 16:44:05 +0900},
	date-modified = {2022-02-20 16:46:01 +0900},
	journal = {Phys. Rep.},
	pages = {1--71},
	title = {Spacetime algebra as a powerful tool for electromagnetism},
	volume = {589},
	year = {2015},
	Bdsk-Url-1 = {http://www.sciencedirect.com/science/article/pii/S0370157315002604},
	Bdsk-Url-2 = {https://doi.org/10.1016/j.physrep.2015.06.001}}

@article{Cameron2014,
	author = {R. P. Cameron},
	date-added = {2022-02-20 16:43:52 +0900},
	date-modified = {2022-02-20 16:43:52 +0900},
	journal = {J. Opt.},
	pages = {015708},
	title = {On the `second potential' in electrodynamics},
	volume = {16},
	year = {2014}}

@article{Cameron2013,
	author = {R. P. Cameron and S. M. Barnett},
	date-added = {2022-02-20 16:43:45 +0900},
	date-modified = {2022-03-03 15:58:42 +0900},
	journal = {New J. Phys.},
	pages = {123019},
	title = {{Electric-magnetic symmetry and Noether's theorem}},
	volume = {14},
	year = {2012},
	Bdsk-Url-1 = {http://dx.doi.org/10.1088/1367-2630/14/5/053050}}

@article{Washimi1976,
	author = {H. Washimi and V. I. Karpman},
	date-added = {2022-02-20 16:33:35 +0900},
	date-modified = {2022-02-20 16:34:49 +0900},
	journal = {Sov. Phys. JETP},
	pages = {528--531},
	title = {The ponderomotive force of a high-frequency electromagnetic field in a dispersive medium},
	volume = {44},
	year = {1976}}

@article{Milonni2010,
	abstract = {We review different expressions that have been proposed for the stress tensor and for               the linear momentum of light in dielectric media, focusing on the Abraham and               Minkowski forms. Analyses of simple models and consideration of available               experimental results support the interpretation of the Abraham momentum as the               kinetic momentum of the field, while the Minkowski momentum is the recoil momentum of               absorbing or emitting guest atoms in a host dielectric. Momentum conservation               requires consideration not only of the momentum of the field and of recoiling guest               atoms, but also of the momentum the field imparts to the medium. Different model               assumptions with respect to electrostriction and the dipole force lead to different               expressions for this momentum. We summarize recent work on the definition of the               canonical momentum for the field in a dielectric medium.},
	author = {Peter W. Milonni and Robert W. Boyd},
	date-added = {2022-02-20 14:57:56 +0900},
	date-modified = {2022-02-20 14:58:14 +0900},
	journal = {Adv. Opt. Photon.},
	keywords = {Electric fields; Electromagnetic radiation; Electromagnetic theory; Magnetic fields; Photons; Radiation pressure},
	pages = {519--553},
	publisher = {OSA},
	title = {Momentum of Light in a Dielectric Medium},
	volume = {2},
	year = {2010},
	Bdsk-Url-1 = {http://opg.optica.org/aop/abstract.cfm?URI=aop-2-4-519},
	Bdsk-Url-2 = {https://doi.org/10.1364/AOP.2.000519}}

@article{Barnett2010_II,
	author = {S. M. Barnett and R. Loudon},
	date-added = {2022-02-20 14:55:18 +0900},
	date-modified = {2022-02-20 14:56:53 +0900},
	journal = {Trans. R. Soc. A.},
	pages = {927--939},
	title = {The enigma of optical momentum in a medium},
	volume = {368},
	year = {2010}}

@article{Pfeifer2007,
	author = {Pfeifer, R. N. C. and Nieminen, T. A. and Heckenberg, N. R. and Rubinsztein-Dunlop, H.},
	date-added = {2022-02-20 14:52:23 +0900},
	date-modified = {2022-02-20 14:53:00 +0900},
	journal = {Rev. Mod. Phys.},
	numpages = {0},
	pages = {1197--1216},
	publisher = {American Physical Society},
	title = {Colloquium: Momentum of an electromagnetic wave in dielectric media},
	volume = {79},
	year = {2007},
	Bdsk-Url-1 = {https://link.aps.org/doi/10.1103/RevModPhys.79.1197},
	Bdsk-Url-2 = {https://doi.org/10.1103/RevModPhys.79.1197}}

@article{Nakane2018,
	author = {Nakane, J. J. and Kohno, H.},
	date-added = {2022-02-20 13:32:20 +0900},
	date-modified = {2022-02-20 13:34:24 +0900},
	journal = {Phys. Rev. B},
	month = {May},
	pages = {174403},
	publisher = {American Physical Society},
	title = {Angular momentum of phonons and its application to single-spin relaxation},
	volume = {97},
	year = {2018},
	Bdsk-Url-1 = {https://link.aps.org/doi/10.1103/PhysRevB.97.174403},
	Bdsk-Url-2 = {https://doi.org/10.1103/PhysRevB.97.174403}}

@book{Soper,
	author = {D. E. Soper},
	date-added = {2022-02-20 12:52:58 +0900},
	date-modified = {2022-02-20 12:52:58 +0900},
	publisher = {{Wiley, New York}},
	title = {Classical Field Theory},
	year = {1976}}

@article{Bremer2017,
	author = {T. S. van den Bremer and {\O}. Breivik},
	date-added = {2022-02-18 16:51:35 +0900},
	date-modified = {2022-02-18 16:54:01 +0900},
	journal = {Philos. Trans. R. Soc. A},
	pages = {20170104},
	title = {Stokes drift},
	volume = {376},
	year = {2017}}

@article{Stokes,
	author = {G. G. Stokes},
	date-added = {2022-02-18 16:50:33 +0900},
	date-modified = {2022-02-18 16:51:21 +0900},
	journal = {Trans. Cambridge Philos. Soc.},
	pages = {441--455},
	title = {On the theory of oscillatory waves},
	volume = {8},
	year = {1847}}

@article{Bliokh2022,
	author = {K. Y. Bliokh and H. Punzmann and H. Xia and F. Nori and M. Shats},
	date-added = {2022-02-18 16:33:06 +0900},
	date-modified = {2022-02-18 16:34:44 +0900},
	journal = {Sci. Adv.},
	pages = {eabm1295},
	title = {Field theory spin and momentum in water waves},
	volume = {8},
	year = {2022}}

@book{LLfield,
	author = {L. D. Landau and E. M. Lifshitz},
	date-added = {2022-02-18 13:50:32 +0900},
	date-modified = {2022-02-18 13:52:22 +0900},
	publisher = {{Butterworth-Heinemann, Oxford}},
	title = {The Classical Theory of Fields},
	year = {1980}}

@article{Aharonov1988,
	author = {Aharonov, Yakir and Albert, David Z. and Vaidman, Lev},
	date-added = {2022-01-03 16:22:15 +0900},
	date-modified = {2022-01-03 16:27:40 +0900},
	doi = {10.1103/PhysRevLett.60.1351},
	journal = {Phys. Rev. Lett.},
	pages = {1351-1354},
	publisher = {American Physical Society},
	title = {How the result of a measurement of a component of the spin of a spin-1/2 particle can turn out to be 100},
	volume = {60},
	year = {1988},
	Bdsk-Url-1 = {https://link.aps.org/doi/10.1103/PhysRevLett.60.1351},
	Bdsk-Url-2 = {https://doi.org/10.1103/PhysRevLett.60.1351}}

@article{Berry1999,
	abstract = {Using a paraxial analysis, Shelankov (1998 Europhys. Lett. 43 623) has shown that charged particles in a beam of small angular width 1/w, aimed at a magnetic flux line with quantum flux , are deflected through an angle D proportional to sin(2)/w, vanishing in the classical limit and also vanishing if the incident beam has zero intensity at the flux line. These properties are confirmed by numerical calculations based on an exact solution of the Schr{\"o}dinger equation, and the paraxial wavefunction is obtained as an asymptotic approximation for large w. Paraxial theory suggests that the same deflection will occur for a light beam reflected by a mirror containing a step of height . A theory of this optical phenomenon, based on an exact solution (for which D is not periodic in ), shows that convergence to the paraxial D is fast for <<1, and slow for near ½.},
	author = {M V Berry},
	date-added = {2022-01-03 14:40:28 +0900},
	date-modified = {2022-01-03 14:43:35 +0900},
	doi = {10.1088/0305-4470/32/30/309},
	journal = {J. Phys. A: Math. Gen.},
	pages = {5627-5641},
	publisher = {{IOP} Publishing},
	title = {Aharonov-Bohm beam deflection: Shelankov{\textquotesingle}s formula, exact solution, asymptotics and an optical analogue},
	volume = {32},
	year = 1999,
	Bdsk-Url-1 = {https://doi.org/10.1088/0305-4470/32/30/309}}

@article{Shelankov1998,
	abstract = {The controversial question of the transverse force exerted by the Aharonov-Bohm (AB) magnetic-flux line is reconsidered with the help of a new paraxial solution to the AB-scattering problem. It is shown that despite the left-right symmetry in the AB scattering cross-section, a beam of finite width is deflected by the AB-line as if by the ``Lorentz'' force. The asymmetry and the magnetic force originate from the quantum interference in the forward direction within the angular size of the incident wave.},
	author = {A. L Shelankov},
	date-added = {2022-01-03 14:36:24 +0900},
	date-modified = {2022-01-03 14:43:54 +0900},
	doi = {10.1209/epl/i1998-00408-4},
	journal = {Europhys. Lett. ({EPL})},
	pages = {623-628},
	publisher = {{IOP} Publishing},
	title = {Magnetic force exerted by the Aharonov-Bohm line},
	volume = {43},
	year = 1998,
	Bdsk-Url-1 = {https://doi.org/10.1209/epl/i1998-00408-4}}

@article{Berry2011,
	abstract = { In-plane (lateral) and out-of-plane (transverse) shifts in the direction of arbitrarily polarized electromagnetic waves in a denser medium, reflected totally or partially at an interface with a rarer medium, are calculated exactly, in terms of the deviation of the Poynting vector from radial. The shifts are analogous to the Goos--H{\"a}nchen and Fedorov--Imbert shifts for beams. There is a transverse shift even for unreflected dipole radiation if the polarization is not linear. With reflection, there is a transverse shift for linear polarization, provided this is not pure transverse electric or transverse magnetic. The contributions from the geometrical ray, the lateral ray that interferes strongly with it, and the large peak at the Brewster angle (for transverse magnetic polarization), are calculated asymptotically far from the geometrical image. At the critical angle, the lowest order asymptotics is inadequate and a more sophisticated treatment is devised, reproducing the exact shifts accurately. },
	author = {Berry, M. V.},
	date-added = {2021-12-15 16:50:19 +0900},
	date-modified = {2021-12-15 16:51:53 +0900},
	doi = {10.1098/rspa.2011.0081},
	journal = {Proc. R. Soc. A},
	pages = {2500-2519},
	title = {Lateral and transverse shifts in reflected dipole radiation},
	volume = {467},
	year = {2011},
	Bdsk-Url-1 = {https://royalsocietypublishing.org/doi/abs/10.1098/rspa.2011.0081},
	Bdsk-Url-2 = {https://doi.org/10.1098/rspa.2011.0081}}

@article{Chan1985,
	abstract = {A general, accurate, and explicit expression has been derived for the angular shift of a Gaussian beam that is partially reflected by a dielectric interface. This result holds for arbitrary incidence angles, including the vicinity of the Brewster angle, and asymptotically approaches the results obtained by others for incidence away from that angle. A series of reflected beam profiles is shown to clarify the angular-shift phenomenon and to illustrate the beam-distortion effect that occurs at, or near, Brewster incidence.},
	author = {C. Chiu Chan and T. Tamir},
	date-added = {2021-12-15 16:40:36 +0900},
	date-modified = {2021-12-15 16:40:59 +0900},
	doi = {10.1364/OL.10.000378},
	journal = {Opt. Lett.},
	keywords = {Beam shaping; Dielectric boundaries; Gaussian beams; Geometric optics; Reflection; Refractive index},
	month = {Aug},
	pages = {378--380},
	publisher = {OSA},
	title = {Angular shift of a Gaussian beam reflected near the Brewster angle},
	volume = {10},
	year = {1985},
	Bdsk-Url-1 = {http://www.osapublishing.org/ol/abstract.cfm?URI=ol-10-8-378},
	Bdsk-Url-2 = {https://doi.org/10.1364/OL.10.000378}}

@article{Hougne2021,
	abstract = {Abstract Non-Hermitian photonic systems capable of perfectly absorbing incident radiation recently attracted much attention both because fundamentally they correspond to an exotic scattering phenomenon (real-valued scattering matrix zero) and because their extreme sensitivity holds great technological promise. The sharp reflection dip is a hallmark feature underlying many envisioned applications in precision sensing, secure communication, and wave filtering. However, a rigorous link between the underlying scattering anomaly and the system's sensitivity to a perturbation is still missing. Here, a theoretical description in complex scattering systems is developed which quantitatively explains the reflection dip's shape. It is furthermore demonstrated that coherent perfect absorption (CPA) is associated with a phase singularity and that the sign of the diverging time delay is related to the mismatch between excitation rate and intrinsic decay rate. The theoretical predictions are confirmed in experiments based on a 3D chaotic cavity excited by eight channels. Rather than relying on operation frequency and attenuation inside the system to be two free parameters, ``on-demand'' CPA is achieved at an arbitrary frequency by tweaking the chaotic cavity's scattering properties with programmable meta-atom inclusions. Finally, the optimal sensitivity of the CPA condition to minute perturbations of the system is proven theoretically and verified experimentally.},
	author = {del Hougne, Philipp and Yeo, K. Brahima and Besnier, Philippe and Davy, Matthieu},
	date-added = {2021-12-15 16:35:29 +0900},
	date-modified = {2021-12-15 16:35:46 +0900},
	doi = {https://doi.org/10.1002/lpor.202000471},
	journal = {Laser \& Photonics Reviews},
	keywords = {coherent perfect absorption, coherent perfect absorption sensor, disorder, programmable metamaterial, wavefront shaping},
	pages = {2000471},
	title = {On-Demand Coherent Perfect Absorption in Complex Scattering Systems: Time Delay Divergence and Enhanced Sensitivity to Perturbations},
	volume = {15},
	year = {2021},
	Bdsk-Url-1 = {https://onlinelibrary.wiley.com/doi/abs/10.1002/lpor.202000471},
	Bdsk-Url-2 = {https://doi.org/10.1002/lpor.202000471}}

@article{Jozsa2007,
	author = {Jozsa, Richard},
	date-added = {2021-12-15 16:03:05 +0900},
	date-modified = {2021-12-15 16:03:23 +0900},
	doi = {10.1103/PhysRevA.76.044103},
	journal = {Phys. Rev. A},
	month = {Oct},
	numpages = {3},
	pages = {044103},
	publisher = {American Physical Society},
	title = {Complex weak values in quantum measurement},
	volume = {76},
	year = {2007},
	Bdsk-Url-1 = {https://link.aps.org/doi/10.1103/PhysRevA.76.044103},
	Bdsk-Url-2 = {https://doi.org/10.1103/PhysRevA.76.044103}}

@article{Balcou1997,
	author = {Balcou, Ph. and Dutriaux, L.},
	date-added = {2021-12-14 18:24:01 +0900},
	date-modified = {2021-12-14 18:24:21 +0900},
	doi = {10.1103/PhysRevLett.78.851},
	journal = {Phys. Rev. Lett.},
	numpages = {0},
	pages = {851-854},
	publisher = {American Physical Society},
	title = {Dual Optical Tunneling Times in Frustrated Total Internal Reflection},
	volume = {78},
	year = {1997},
	Bdsk-Url-1 = {https://link.aps.org/doi/10.1103/PhysRevLett.78.851},
	Bdsk-Url-2 = {https://doi.org/10.1103/PhysRevLett.78.851}}

@article{Kogelnik1974,
	abstract = {For light propagation in dielectric waveguides, interconnections are established between phase velocity, group velocity, stored energy, power flow, and a zigzag-ray model. The ray model takes account of the Goos--Haenchen shifts that occur at the film boundaries and of the associated time delays and predicts the correct group velocity. Relationships between group velocity, power flow, and stored energy are shown to be valid for guides of quite general cross section and in the presence of refractive-index dispersion. Except in cases of anomalous dispersion, the group velocity is generally smaller than the phase velocity.},
	author = {H. Kogelnik and H. P. Weber},
	date-added = {2021-12-14 18:22:19 +0900},
	date-modified = {2021-12-14 18:23:17 +0900},
	doi = {10.1364/JOSA.64.000174},
	journal = {J. Opt. Soc. Am.},
	keywords = {Dielectric waveguides; Dispersion; Effective refractive index; Light propagation; Phase shift; Phase velocity},
	pages = {174-185},
	publisher = {OSA},
	title = {Rays, stored energy, and power flow in dielectric waveguides$\ast$},
	volume = {64},
	year = {1974},
	Bdsk-Url-1 = {http://www.osapublishing.org/abstract.cfm?URI=josa-64-2-174},
	Bdsk-Url-2 = {https://doi.org/10.1364/JOSA.64.000174}}

@article{Chen2013,
	abstract = {The analogies between optical and electronic Goos--H{\"a}nchen effects are established based on electron wave optics in semiconductor or graphene-based nanostructures. In this paper, we give a brief overview of the progress achieved so far in the field of electronic Goos--H{\"a}nchen shifts, and show the relevant optical analogies. In particular, we present several theoretical results on the giant positive and negative Goos--H{\"a}nchen shifts in various semiconductor or graphene-based nanostructures, their controllability, and potential applications in electronic devices, e.g. spin (or valley) beam splitters.},
	author = {Xi Chen and Xiao-Jing Lu and Yue Ban and Chun-Fang Li},
	date-added = {2021-12-07 15:15:21 +0900},
	date-modified = {2021-12-07 15:16:16 +0900},
	doi = {10.1088/2040-8978/15/3/033001},
	journal = {J. Opt.},
	month = {jan},
	number = {3},
	pages = {033001},
	publisher = {{IOP} Publishing},
	title = {Electronic analogy of the Goos{\textendash}H{\"a}nchen effect: a review},
	volume = {15},
	year = 2013,
	Bdsk-Url-1 = {https://doi.org/10.1088/2040-8978/15/3/033001}}

@article{Wu2011,
	author = {Wu, Zhenhua and Zhai, F. and Peeters, F. M. and Xu, H. Q. and Chang, Kai},
	date-added = {2021-12-07 15:13:33 +0900},
	date-modified = {2021-12-07 15:17:16 +0900},
	doi = {10.1103/PhysRevLett.106.176802},
	journal = {Phys. Rev. Lett.},
	month = {Apr},
	numpages = {4},
	pages = {176802},
	publisher = {American Physical Society},
	title = {Valley-Dependent Brewster Angles and Goos-H\"anchen Effect in Strained Graphene},
	volume = {106},
	year = {2011},
	Bdsk-Url-1 = {https://link.aps.org/doi/10.1103/PhysRevLett.106.176802},
	Bdsk-Url-2 = {https://doi.org/10.1103/PhysRevLett.106.176802}}

@article{Haan2010,
	author = {de Haan, Victor-O. and Plomp, Jeroen and Rekveldt, Theo M. and Kraan, Wicher H. and van Well, Ad A. and Dalgliesh, Robert M. and Langridge, Sean},
	date-added = {2021-12-07 15:11:45 +0900},
	date-modified = {2021-12-07 15:17:38 +0900},
	doi = {10.1103/PhysRevLett.104.010401},
	journal = {Phys. Rev. Lett.},
	month = {Jan},
	numpages = {4},
	pages = {010401},
	publisher = {American Physical Society},
	title = {Observation of the Goos-H\"anchen Shift with Neutrons},
	volume = {104},
	year = {2010},
	Bdsk-Url-1 = {https://link.aps.org/doi/10.1103/PhysRevLett.104.010401},
	Bdsk-Url-2 = {https://doi.org/10.1103/PhysRevLett.104.010401}}

@article{Stone1996,
	author = {Stone, Michael},
	date-added = {2021-11-30 16:26:37 +0900},
	date-modified = {2021-12-07 15:18:49 +0900},
	doi = {10.1103/PhysRevB.53.16573},
	journal = {Phys. Rev. B},
	month = {Jun},
	numpages = {0},
	pages = {16573--16578},
	publisher = {American Physical Society},
	title = {Magnus force on skyrmions in ferromagnets and quantum Hall systems},
	volume = {53},
	year = {1996},
	Bdsk-Url-1 = {https://link.aps.org/doi/10.1103/PhysRevB.53.16573},
	Bdsk-Url-2 = {https://doi.org/10.1103/PhysRevB.53.16573}}

@article{Thouless1996,
	author = {Thouless, D. J. and Ao, Ping and Niu, Qian},
	date-added = {2021-11-30 16:24:42 +0900},
	date-modified = {2021-12-07 15:18:35 +0900},
	doi = {10.1103/PhysRevLett.76.3758},
	journal = {Phys. Rev. Lett.},
	month = {May},
	numpages = {0},
	pages = {3758--3761},
	publisher = {American Physical Society},
	title = {Transverse Force on a Quantized Vortex in a Superfluid},
	volume = {76},
	year = {1996},
	Bdsk-Url-1 = {https://link.aps.org/doi/10.1103/PhysRevLett.76.3758},
	Bdsk-Url-2 = {https://doi.org/10.1103/PhysRevLett.76.3758}}

@article{Nagaosa2013,
	abstract = {This Review covers the recent developments in the observation and modelling of magnetic skyrmions, including their topological properties, current-induced dynamics and potential in future information storage devices.},
	author = {Nagaosa, Naoto and Tokura, Yoshinori},
	da = {2013/12/01},
	date-added = {2021-11-30 16:18:13 +0900},
	date-modified = {2021-11-30 16:18:27 +0900},
	doi = {10.1038/nnano.2013.243},
	id = {Nagaosa2013},
	isbn = {1748-3395},
	journal = {Nature Nanotechnology},
	number = {12},
	pages = {899--911},
	title = {Topological properties and dynamics of magnetic skyrmions},
	ty = {JOUR},
	volume = {8},
	year = {2013},
	Bdsk-Url-1 = {https://doi.org/10.1038/nnano.2013.243}}

@article{Fetter2009,
	author = {Fetter, Alexander L.},
	date-added = {2021-11-30 16:14:28 +0900},
	date-modified = {2021-12-07 15:18:09 +0900},
	doi = {10.1103/RevModPhys.81.647},
	journal = {Rev. Mod. Phys.},
	month = {May},
	numpages = {0},
	pages = {647--691},
	publisher = {American Physical Society},
	title = {Rotating trapped Bose-Einstein condensates},
	volume = {81},
	year = {2009},
	Bdsk-Url-1 = {https://link.aps.org/doi/10.1103/RevModPhys.81.647},
	Bdsk-Url-2 = {https://doi.org/10.1103/RevModPhys.81.647}}

@book{Huebener,
	date-added = {2021-11-30 16:11:42 +0900},
	date-modified = {2021-11-30 16:12:44 +0900},
	editor = {R. P. Huebener and N. Schopohl and G. E. Volovik},
	publisher = {Springer},
	title = {Vortices in Unconventional Superconductors and Superfluids},
	year = {2002}}

@article{Mazanov2021,
	author = {Maxim Mazanov and Danica Sugic and Miguel A. Alonso and Franco Nori and Konstantin Y. Bliokh},
	date-added = {2021-11-29 13:42:14 +0900},
	date-modified = {2021-11-29 13:43:47 +0900},
	doi = {doi:10.1515/nanoph-2021-0294},
	journal = {Nanophotonics},
	pages = {20210294},
	title = {Transverse shifts and time delays of spatiotemporal vortex pulses reflected and refracted at a planar interface},
	url = {https://doi.org/10.1515/nanoph-2021-0294},
	year = {2021},
	Bdsk-Url-1 = {https://doi.org/10.1515/nanoph-2021-0294}}

@article{Beenakker2009,
	author = {Beenakker, C. W. J. and Sepkhanov, R. A. and Akhmerov, A. R. and Tworzyd\l{}o, J.},
	date-added = {2021-11-29 12:57:01 +0900},
	date-modified = {2021-12-07 15:16:51 +0900},
	doi = {10.1103/PhysRevLett.102.146804},
	journal = {Phys. Rev. Lett.},
	month = {Apr},
	numpages = {4},
	pages = {146804},
	publisher = {American Physical Society},
	title = {Quantum Goos-H\"anchen Effect in Graphene},
	volume = {102},
	year = {2009},
	Bdsk-Url-1 = {https://link.aps.org/doi/10.1103/PhysRevLett.102.146804},
	Bdsk-Url-2 = {https://doi.org/10.1103/PhysRevLett.102.146804}}

@article{Harris2015,
	abstract = {The study of structured optical waves has enhanced our understanding of light and numerous experimental methods now enable the control of the angular momentum and radial distributions. Recently, these wavestructuring techniques have been successfully applied to the generation and shaping of electron beams, leading to promising practical and fundamental advances. Here, we discuss recent progress in the emerging field of electron beam shaping, and explore the unique attributes that distinguish electron beams from their photonic analogues.},
	author = {Harris, J{\'e}r{\'e}mie and Grillo, Vincenzo and Mafakheri, Erfan and Gazzadi, Gian Carlo and Frabboni, Stefano and Boyd, Robert W. and Karimi, Ebrahim},
	da = {2015/08/01},
	date-added = {2021-11-29 12:54:36 +0900},
	date-modified = {2021-11-29 12:54:52 +0900},
	doi = {10.1038/nphys3404},
	id = {Harris2015},
	isbn = {1745-2481},
	journal = {Nature Physics},
	pages = {629--634},
	title = {Structured quantum waves},
	ty = {JOUR},
	volume = {11},
	year = {2015},
	Bdsk-Url-1 = {https://doi.org/10.1038/nphys3404}}

@book{Dragoman,
	author = {D. Dragoman and M. Dragoman},
	date-added = {2021-11-29 12:50:09 +0900},
	date-modified = {2021-11-29 12:51:10 +0900},
	publisher = {Springer},
	title = {Quantum-Classical Analogies},
	year = {2004}}

@article{Bliokh2013NJP_II,
	author = {K. Y. Bliokh and A. Y. Bekshaev and A. G. Kofman and F. Nori},
	date-added = {2021-11-29 12:31:05 +0900},
	date-modified = {2021-11-29 12:32:58 +0900},
	journal = {New J. Phys.},
	pages = {073022},
	title = {Photon trajectories, anomalous velocities and weak measurements: a classical interpretation},
	volume = {15},
	year = 2013,
	Bdsk-Url-1 = {https://doi.org/10.1088/1367-2630/15/3/033026},
	Bdsk-Url-2 = {http://dx.doi.org/10.1088/1367-2630/15/3/033026}}

@article{Rubinsztein2016,
	abstract = {Structured light refers to the generation and application of custom light fields. As the tools and technology to create and detect structured light have evolved, steadily the applications have begun to emerge. This roadmap touches on the key fields within structured light from the perspective of experts in those areas, providing insight into the current state and the challenges their respective fields face. Collectively the roadmap outlines the venerable nature of structured light research and the exciting prospects for the future that are yet to be realized.},
	author = {Halina Rubinsztein-Dunlop and Andrew Forbes and M V Berry and M R Dennis and David L Andrews and Masud Mansuripur and Cornelia Denz and Christina Alpmann and Peter Banzer and Thomas Bauer and Ebrahim Karimi and Lorenzo Marrucci and Miles Padgett and Monika Ritsch-Marte and Natalia M Litchinitser and Nicholas P Bigelow and C Rosales-Guzm{\'{a}}n and A Belmonte and J P Torres and Tyler W Neely and Mark Baker and Reuven Gordon and Alexander B Stilgoe and Jacquiline Romero and Andrew G White and Robert Fickler and Alan E Willner and Guodong Xie and Benjamin McMorran and Andrew M Weiner},
	date-added = {2021-11-29 11:36:29 +0900},
	date-modified = {2021-11-29 11:44:32 +0900},
	doi = {10.1088/2040-8978/19/1/013001},
	journal = {J. Opt.},
	month = {nov},
	pages = {013001},
	publisher = {{IOP} Publishing},
	title = {Roadmap on structured light},
	volume = {19},
	year = 2016,
	Bdsk-Url-1 = {https://doi.org/10.1088/2040-8978/19/1/013001}}

@article{Dressel2014,
	author = {Dressel, Justin and Malik, Mehul and Miatto, Filippo M. and Jordan, Andrew N. and Boyd, Robert W.},
	date-added = {2021-11-29 11:28:33 +0900},
	date-modified = {2021-11-29 11:29:24 +0900},
	doi = {10.1103/RevModPhys.86.307},
	journal = {Rev. Mod. Phys.},
	month = {Mar},
	numpages = {10},
	pages = {307--316},
	publisher = {American Physical Society},
	title = {Colloquium: Understanding quantum weak values: Basics and applications},
	volume = {86},
	year = {2014},
	Bdsk-Url-1 = {https://link.aps.org/doi/10.1103/RevModPhys.86.307},
	Bdsk-Url-2 = {https://doi.org/10.1103/RevModPhys.86.307}}

@article{Berry2019,
	abstract = {Superoscillations are band-limited functions with the counterintuitive property that they can vary arbitrarily faster than their fastest Fourier component, over arbitrarily long intervals. Modern studies originated in quantum theory, but there were anticipations in radar and optics. The mathematical understanding---still being explored---recognises that functions are extremely small where they superoscillate; this has implications for information theory. Applications to optical vortices, sub-wavelength microscopy and related areas of nanoscience are now moving from the theoretical and the demonstrative to the practical. This Roadmap surveys all these areas, providing background, current research, and anticipating future developments.},
	author = {Michael Berry and Nikolay Zheludev and Yakir Aharonov and Fabrizio Colombo and Irene Sabadini and Daniele C Struppa and Jeff Tollaksen and Edward T F Rogers and Fei Qin and Minghui Hong and Xiangang Luo and Roei Remez and Ady Arie and J{\"o}rg B G{\"o}tte and Mark R Dennis and Alex M H Wong and George V Eleftheriades and Yaniv Eliezer and Alon Bahabad and Gang Chen and Zhongquan Wen and Gaofeng Liang and Chenglong Hao and C-W Qiu and Achim Kempf and Eytan Katzav and Moshe Schwartz},
	date-added = {2021-11-29 11:21:53 +0900},
	date-modified = {2021-11-29 11:26:17 +0900},
	doi = {10.1088/2040-8986/ab0191},
	journal = {J. Opt.},
	month = {apr},
	number = {5},
	pages = {053002},
	publisher = {{IOP} Publishing},
	title = {Roadmap on superoscillations},
	volume = {21},
	year = 2019,
	Bdsk-Url-1 = {https://doi.org/10.1088/2040-8986/ab0191}}

@article{Turunen2009,
	author = {J. Turunena and A. T. Friberg},
	date-added = {2021-07-30 10:33:45 +0000},
	date-modified = {2021-07-30 10:35:20 +0000},
	journal = {Prog. Opt.},
	pages = {1-88},
	title = {Propagation-invariant optical fields},
	volume = {54},
	year = {2010}}

@article{Kondakci2019,
	author = {H. E. Kondakci and A. F. Abouraddy},
	date-added = {2021-07-28 16:18:08 +0000},
	date-modified = {2021-07-28 16:18:44 +0000},
	journal = {Nat. Commun.},
	pages = {929},
	title = {Optical space-time wave packets having arbitrary group velocities in free space},
	volume = {10},
	year = {2019}}

@article{Kondakci2017,
	author = {H. E. Kondakci and A. F. Abouraddy},
	date-added = {2021-07-28 16:17:11 +0000},
	date-modified = {2021-07-28 16:18:00 +0000},
	journal = {Nat. Photon.},
	pages = {733-740},
	title = {Diffraction-free space--time light sheets},
	volume = {11},
	year = {2017}}

@article{Dallaire2009,
	author = {M. Dallaire and N. McCarthy and M. Pich{\'e}},
	date-added = {2021-07-28 15:45:09 +0000},
	date-modified = {2021-07-28 15:46:27 +0000},
	journal = {Opt. Express},
	pages = {18148-18164},
	title = {{Spatiotemporal Bessel beams: theory and experiments}},
	volume = {17},
	year = {2009}}

@article{Okuda2008,
	author = {H. Okuda and H. Sasada},
	date-added = {2021-07-28 15:38:09 +0000},
	date-modified = {2021-07-28 15:39:07 +0000},
	journal = {J. Opt. Soc. Am. B},
	pages = {881-890},
	title = {{Significant deformations and propagation variations of Laguerre-Gaussian beams reflected and transmitted at a dielectric interface}},
	volume = {25},
	year = {2008}}

@article{Loffler2013,
	author = {W. L\"{o}ffler and N. Hermosa and A. Aiello and J. P. Woerdman},
	date-added = {2021-07-28 15:34:01 +0000},
	date-modified = {2021-07-28 15:35:05 +0000},
	journal = {J. Opt.},
	pages = {014012},
	title = {Total internal reflection of orbital angular momentum beams},
	volume = {15},
	year = {2013}}

@article{Wang2021,
	author = {H. Wang and C. Guo and W. Jin and A. Y. Song and S. Fan},
	date-added = {2021-07-28 13:55:16 +0000},
	date-modified = {2021-07-28 13:56:18 +0000},
	journal = {Optica},
	pages = {966-971},
	title = {Engineering arbitrarily oriented spatiotemporal optical vortices using transmission nodal lines},
	volume = {8},
	year = {2021}}

@article{Gotte2014,
	author = {J. B. G\"{o}tte and W. L\"{o}ffler and M. R. Dennis},
	date-added = {2021-06-01 15:42:21 +0000},
	date-modified = {2021-06-01 15:43:18 +0000},
	journal = {Phys. Rev. Lett.},
	pages = {233901},
	title = {Eigenpolarizations for Giant Transverse Optical Beam Shifts},
	volume = {112},
	year = {2014}}

@article{Bliokh2006_II,
	author = {K. Y. Bliokh},
	date-added = {2021-05-24 13:44:38 +0000},
	date-modified = {2021-05-24 13:46:14 +0000},
	journal = {Phys. Rev. Lett.},
	pages = {043901},
	title = {{Geometrical optics of beams with vortices: Berry phase and orbital angular momentum Hall effect}},
	volume = {97},
	year = {2006}}

@book{Thaller_book,
	author = {B. Thaller},
	date-added = {2021-05-24 11:42:26 +0000},
	date-modified = {2021-05-24 11:43:23 +0000},
	publisher = {Springer, Berlin},
	title = {Visual Quantum Mechanics},
	year = {2000}}

@article{Gorodetski2012,
	author = {Y. Gorodetski and K. Y. Bliokh and B. Stein and C. Genet and N. Shitrit and V. Kleiner and E. Hasman and T. W. Ebbesen},
	date-added = {2021-05-23 11:08:20 +0000},
	date-modified = {2021-05-23 11:09:52 +0000},
	journal = {Phys. Rev. Lett.},
	pages = {013901},
	title = {Weak Measurements of Light Chirality with a Plasmonic Slit},
	volume = {109},
	year = {2012}}

@article{Gotte2013,
	author = {J. B. G\"{o}tte and M. R. Dennis},
	date-added = {2021-05-23 11:07:01 +0000},
	date-modified = {2021-05-23 11:08:08 +0000},
	journal = {Opt. Lett.},
	pages = {2295-2297},
	title = {Limits to superweak amplification of beam shifts},
	volume = {38},
	year = {2013}}

@article{Qin2009,
	author = {Y. Qin and Y. Li and H. He and Q. Gong},
	date-added = {2021-05-23 11:01:13 +0000},
	date-modified = {2021-05-23 11:02:11 +0000},
	journal = {Opt. Lett.},
	pages = {2551-2553},
	title = {{Measurement of spin Hall effect of reflected light}},
	volume = {34},
	year = {2009}}

@article{Aiello2008,
	author = {A. Aiello and J. P. Woerdman},
	date-added = {2021-05-12 09:19:50 +0000},
	date-modified = {2021-12-15 17:04:35 +0900},
	journal = {Opt. Lett.},
	pages = {1437-1439},
	title = {Role of beam propagation in Goos-H\"{a}nchen and Imbert-Fedorov shifts},
	volume = {33},
	year = {2008}}

@article{Toppel2013,
	author = {F. T\"{o}ppel and M. Ornigotti and A. Aiello},
	date-added = {2021-04-28 18:59:14 +0000},
	date-modified = {2021-12-14 18:29:23 +0900},
	journal = {New J. Phys.},
	pages = {113059},
	title = {Goos-H\"{a}nchen and Imbert-Fedorov shifts from a quantum-mechanical perspective},
	volume = {15},
	year = {2013}}

@article{Bekshaev2009,
	author = {A. Y. Bekshaev},
	date-added = {2021-04-28 18:51:50 +0000},
	date-modified = {2021-04-28 18:52:38 +0000},
	journal = {J. Opt. A: Pure Appl. Opt.},
	pages = {094003},
	title = {Oblique section of a paraxial light beam: criteria for azimuthal energy flow and orbital angular momentum},
	volume = {11},
	year = {2009}}

@article{Hancock2021,
	author = {S. W. Hancock and S. Zahedpour and H. M. Milchberg},
	date-added = {2021-04-28 18:43:29 +0000},
	date-modified = {2022-08-26 00:19:34 +0200},
	journal = {Phys. Rev. Lett.},
	pages = {193901},
	title = {{Mode structure and orbital angular momentum of spatiotemporal optical vortex (STOV) pulses}},
	volume = {127},
	year = {2021}}

@article{Jayaswal2013,
	author = {G. Jayaswal and G. Mistura and M. Merano},
	date-added = {2021-04-28 18:34:43 +0000},
	date-modified = {2021-04-28 18:35:37 +0000},
	journal = {Opt. Lett.},
	pages = {1232-1234},
	title = {{Weak measurement of the Goos--H\"{a}nchen shift}},
	volume = {38},
	year = {2013}}

@article{Bliokh2021,
	author = {K. Y. Bliokh},
	date-added = {2021-04-28 18:30:27 +0000},
	date-modified = {2022-08-26 00:26:44 +0200},
	journal = {Phys. Rev. Lett.},
	pages = {243601},
	title = {Spatiotemporal Vortex Pulses: Angular Momenta and Spin-Orbit Interaction},
	volume = {126},
	year = {2021}}

@article{Fedoseyev2008,
	author = {V. G. Fedoseyev},
	date-added = {2021-04-28 17:02:27 +0000},
	date-modified = {2021-04-28 17:03:06 +0000},
	journal = {{J. Phys. A: Math. Theor.}},
	pages = {505202},
	title = {Transformation of the orbital angular momentum at the reflection and transmission of a light beam on a plane interface},
	volume = {41},
	year = {2008}}

@article{Dennis2012,
	author = {M. R. Dennis and J. B. G\"{o}tte},
	date-added = {2021-04-28 17:00:35 +0000},
	date-modified = {2021-04-28 17:01:14 +0000},
	journal = {Phys. Rev. Lett.},
	pages = {183903},
	title = {Topological Aberration of Optical Vortex Beams: Determining Dielectric Interfaces by Optical Singularity Shifts},
	volume = {109},
	year = {2012}}

@article{Dasgupta2006,
	author = {R. Dasgupta and P. K. Gupta},
	date-added = {2021-04-28 16:46:57 +0000},
	date-modified = {2021-11-29 13:22:36 +0900},
	journal = {Opt. Commun.},
	pages = {91-96},
	title = {Experimental observation of spin-independent transverse shift of the centre of gravity of a reflected Laguerre-Gaussian light beam},
	volume = {257},
	year = {2006}}

@article{Fedoseyev2001,
	author = {V. G. Fedoseyev},
	date-added = {2021-04-28 16:45:50 +0000},
	date-modified = {2021-05-12 12:59:02 +0000},
	journal = {Opt. Commun.},
	pages = {9-18},
	title = {Spin-independent transverse shift of the centre of gravity of a reflected and of a refracted light beam},
	volume = {193},
	year = {2001}}

@article{Bliokh2016,
	author = {K. Y. Bliokh and C. T. Samlan and C. Prajapati and G. Puentes and N. K. Viswanathan and F. Nori},
	date-added = {2021-04-28 16:32:30 +0000},
	date-modified = {2021-04-28 16:36:38 +0000},
	journal = {Optica},
	pages = {1039-1047},
	title = {{Spin-Hall effect and circular birefringence of a uniaxial crystal plate}},
	volume = {3},
	year = {2016}}

@article{Aiello2012,
	author = {A. Aiello},
	date-added = {2021-04-28 16:27:01 +0000},
	date-modified = {2021-04-28 16:28:05 +0000},
	journal = {New J. Phys.},
	pages = {013058},
	title = {{Goos--H\"{a}nchen and Imbert--Fedorov shifts: a novel perspective}},
	volume = {14},
	year = {2012}}

@article{Gotte2012,
	author = {J. B. G\"otte and M. R. Dennis},
	date-added = {2021-04-28 16:25:52 +0000},
	date-modified = {2021-04-28 16:32:12 +0000},
	journal = {New J. Phys.},
	pages = {073016},
	title = {Generalized shifts and weak values for polarization components of reflected light beams},
	volume = {14},
	year = {2012}}

@article{Hosten2008,
	author = {O. Hosten and P. Kwiat},
	date-added = {2021-04-28 16:24:08 +0000},
	date-modified = {2021-11-29 12:30:33 +0900},
	journal = {Science},
	pages = {787-790},
	title = {Observation of the Spin Hall Effect of Light via Weak Measurements},
	volume = {319},
	year = {2008}}

@article{Bliokh2006,
	author = {K. Y. Bliokh and Y. P. Bliokh},
	date-added = {2021-04-28 16:22:47 +0000},
	date-modified = {2021-04-28 16:23:57 +0000},
	journal = {Phys. Rev. Lett.},
	pages = {073903},
	title = {{Conservation of Angular Momentum, Transverse Shift, and Spin Hall Effect in Reflection and Refraction of an Electromagnetic Wave Packet}},
	volume = {96},
	year = {2006}}

@article{Onoda2004,
	author = {M. Onoda and S. Murakami and N. Nagaosa},
	date-added = {2021-04-28 16:11:12 +0000},
	date-modified = {2021-04-28 16:22:34 +0000},
	journal = {Phys. Rev. Lett.},
	pages = {083901},
	title = {Hall effect of light},
	volume = {93},
	year = {2004}}

@article{Fedoseyev1988,
	author = {V. G. Fedoseyev},
	date-added = {2021-04-28 16:09:51 +0000},
	date-modified = {2021-04-28 16:10:58 +0000},
	journal = {{J. Phys. A: Math. Gen.}},
	pages = {2045-2059},
	title = {{Conservation laws and transverse motion of energy on reflection and transmission of electromagnetic waves}},
	volume = {21},
	year = {1988}}

@article{Schilling1965,
	author = {H. Schilling},
	date-added = {2021-04-28 16:07:50 +0000},
	date-modified = {2021-04-28 16:09:39 +0000},
	journal = {Ann. Phys.},
	pages = {122-134},
	title = {{Die Strahlversetzung bei der Reflexion linear oder elliptisch polarisierter ebener Wellen an der Trennebene zwischen absorbierenden Medien}},
	volume = {16},
	year = {1965}}

@article{Imbert1972,
	author = {C. Imbert},
	date-added = {2021-04-28 14:51:23 +0000},
	date-modified = {2021-04-28 16:07:33 +0000},
	journal = {Phys. Rev. D},
	pages = {787-796},
	title = {Calculation and Experimental Proof of the Transverse Shift Induced by Total Internal Reflection of a Circularly Polarized Light Beam},
	volume = {5},
	year = {1972}}

@article{Ling2017,
	author = {X. Ling and X. Zhou and K. Huang and Y. Liu and C.-W. Qiu and H. Luo and S. Wen},
	date-added = {2021-04-28 14:46:38 +0000},
	date-modified = {2021-04-28 14:47:59 +0000},
	journal = {Rep. Prog. Phys.},
	pages = {066401},
	title = {{Recent advances in the spin Hall effect of light}},
	volume = {80},
	year = {2017}}

@article{Asano2016,
	author = {M. Asano and K. Y. Bliokh and Y. P. Bliokh and A. G. Kofman and R. Ikuta and T. Yamamoto and Y. S. Kivshar and L. Yang and N. Imoto and S. K. \"{O}zdemir and F. Nori},
	date-added = {2021-04-28 14:31:56 +0000},
	date-modified = {2023-05-21 20:40:20 +0200},
	journal = {Nat. Commun.},
	pages = {13488},
	title = {Anomalous time delays and quantum weak measurements in optical micro-resonators},
	volume = {7},
	year = {2016}}

@article{Winful2006,
	author = {H. G. Winful},
	date-added = {2021-04-28 14:31:02 +0000},
	date-modified = {2023-05-21 20:26:21 +0200},
	journal = {Phys. Rep.},
	pages = {1--69},
	title = {Tunneling time, the Hartman effect, and superluminality: A proposed resolution of an old paradox},
	volume = {436},
	year = {2006}}

@article{Carvalho2002,
	author = {C. A. A. de Carvalho and H. M. Nussenzveig},
	date-added = {2021-04-28 14:30:07 +0000},
	date-modified = {2021-04-28 14:30:59 +0000},
	journal = {Phys. Rep.},
	pages = {83-174},
	title = {Time delay},
	volume = {364},
	year = {2002}}

@article{Chiao1997,
	author = {R. Y. Chiao and A. M. Steinberg},
	date-added = {2021-04-28 14:28:51 +0000},
	date-modified = {2023-05-21 20:25:46 +0200},
	journal = {Prog. Opt.},
	pages = {345--405},
	title = {Tunneling times and superluminality},
	volume = {37},
	year = {1997}}

@article{Wigner1954,
	author = {E. P. Wigner},
	date-added = {2021-04-28 14:26:46 +0000},
	date-modified = {2021-04-28 14:27:29 +0000},
	journal = {Phys. Rev.},
	pages = {145-147},
	title = {Lower Limit for the Energy Derivative of the Scattering Phase Shift},
	volume = {98},
	year = {1954}}

@article{Bliokh2013,
	author = {K. Y. Bliokh and A. Aiello},
	date-added = {2021-04-28 14:22:09 +0000},
	date-modified = {2021-11-29 12:28:02 +0900},
	journal = {J. Opt.},
	pages = {014001},
	title = {Goos-H\"{a}nchen and Imbert-Fedorov beam shifts: an overview},
	volume = {15},
	year = {2013}}

@article{Merano2009,
	author = {M. Merano and A. Aiello and M. P. van Exter and J. P. Woerdman},
	date-added = {2021-04-28 14:20:20 +0000},
	date-modified = {2021-04-28 14:21:13 +0000},
	journal = {Nat. Photon.},
	pages = {337-340},
	title = {Observing angular deviations in the specular reflection of a light beam},
	volume = {3},
	year = {2009}}

@article{Artmann1948,
	author = {K. Artmann},
	date-added = {2021-04-28 14:16:41 +0000},
	date-modified = {2021-12-07 14:48:08 +0900},
	journal = {Ann. Phys.},
	pages = {87-102},
	title = {Berechnung der Seitenversetzung des totalreflektierten Strahles},
	volume = {2},
	year = {1948}}

@article{Goos1947,
	author = {F. Goos and H. H\"{a}nchen},
	date-added = {2021-04-28 14:14:57 +0000},
	date-modified = {2021-11-29 13:11:00 +0900},
	journal = {Ann. Phys.},
	pages = {333-346},
	title = {Ein neuer und fundamentaler Versuch zur Totalreflexion},
	volume = {1},
	year = {1947}}

@article{Merano2010,
	author = {M. Merano and N. Hermosa and J. P. Woerdman and A. Aiello},
	date-added = {2021-04-27 13:24:52 +0000},
	date-modified = {2021-04-27 13:25:40 +0000},
	journal = {Phys. Rev. A},
	pages = {023817},
	title = {How orbital angular momentum affects beam shifts in optical reflection},
	volume = {82},
	year = {2010}}

@article{Bliokh2009,
	author = {K. Y. Bliokh and I. V. Shadrivov and Y. S. Kivshar},
	date-added = {2021-04-27 13:23:00 +0000},
	date-modified = {2021-11-29 13:22:04 +0900},
	journal = {Opt. Lett.},
	pages = {389-391},
	title = {Goos-H\"{a}nchen and Imbert-Fedorov shifts of polarized vortex beams},
	volume = {34},
	year = {2009}}

@article{Leach2004_II,
	author = {J. Leach and E. Yao and M. J. Padgett},
	date-added = {2021-04-27 13:19:32 +0000},
	date-modified = {2021-04-27 13:20:43 +0000},
	journal = {New J. Phys.},
	pages = {71},
	title = {Observation of the vortex structure of a non-integer vortex beam},
	volume = {6},
	year = {2004}}

@article{Berry2004,
	author = {M. V. Berry},
	date-added = {2021-04-27 13:18:17 +0000},
	date-modified = {2021-04-27 13:18:56 +0000},
	journal = {J. Opt. A: Pure Appl. Opt.},
	pages = {259-268},
	title = {Optical vortices evolving from helicoidal integer and fractional phase steps},
	volume = {6},
	year = {2004}}

@article{Hancock2020,
	author = {S. W. Hancock and S. Zahedpour and H. M. Milchberg},
	date-added = {2021-02-06 16:24:05 +0000},
	date-modified = {2021-04-27 12:30:36 +0000},
	journal = {Optica},
	pages = {594-597},
	title = {Second harmonic generation of spatiotemporal optical vortices and conservation of orbital angular momentum},
	volume = {8},
	year = {2021}}

@article{Dror2011,
	author = {N. Dror and B. A. Malomed},
	date-added = {2021-02-06 16:20:17 +0000},
	date-modified = {2021-02-06 16:21:10 +0000},
	journal = {Physica D},
	pages = {526--541},
	title = {Symmetric and asymmetric solitons and vortices in linearly coupled two-dimensional waveguides with the cubic-quintic nonlinearity},
	volume = {240},
	year = {2011}}

@article{BB2011,
	author = {I. Bialynicki-Birula and Z. Bialynicka-Birula},
	date-added = {2021-01-31 13:05:29 +0000},
	date-modified = {2021-01-31 13:06:09 +0000},
	journal = {J. Opt.},
	pages = {064014},
	title = {Canonical separation of angular momentum of light into its orbital and spin parts},
	volume = {13},
	year = {2011}}

@article{Barnett2010,
	author = {S. M. Barnett},
	date-added = {2021-01-31 13:04:36 +0000},
	date-modified = {2021-01-31 13:05:12 +0000},
	journal = {J. Mod. Opt.},
	pages = {1339--1343},
	title = {Rotation of electromagnetic fields and the nature of optical angular momentum},
	volume = {57},
	year = {2010}}

@article{Bliokh2012PRL,
	author = {K. Y. Bliokh and F. Nori},
	date-added = {2021-01-30 21:24:32 +0000},
	date-modified = {2023-05-21 22:59:41 +0200},
	journal = {Phys. Rev. Lett.},
	pages = {120403},
	title = {Relativistic Hall Effect},
	volume = {108},
	year = {2012}}

@article{Eismann2021,
	author = {J. S. Eismann and L. H. Nicholls and D. J. Roth and M. A. Alonso and P. Banzera and F. J. Rodriguez-Fortuno and A. V. Zayats and F. Nori and K. Y. Bliokh},
	date-added = {2021-01-30 20:30:08 +0000},
	date-modified = {2021-01-30 20:31:17 +0000},
	journal = {Nat. Photon.},
	pages = {156--161},
	title = {Transverse spinning of unpolarized light},
	volume = {15},
	year = {2021}}

@article{Lodahl2017,
	author = {P. Lodahl and S. Mahmoodian and S. Stobbe and A. Rauschenbeutel and P. Schneeweiss and J. Volz and H. Pichler and P. Zoller},
	date-added = {2021-01-30 20:28:05 +0000},
	date-modified = {2021-01-30 20:29:38 +0000},
	journal = {Nature},
	pages = {473--480},
	title = {Chiral quantum optics},
	volume = {541},
	year = {2017}}

@article{Gorodetski2008,
	author = {Y. Gorodetski and A. Niv and V. Kleiner and E. Hasman},
	date-added = {2021-01-30 14:49:05 +0000},
	date-modified = {2021-01-30 14:49:58 +0000},
	journal = {Phys. Rev. Lett.},
	pages = {043903},
	title = {Observation of the Spin-Based Plasmonic Effect in Nanoscale Structures},
	volume = {101},
	year = {2008}}

@article{Bokor2005,
	author = {N. Bokor and Y. Iketaki and T. Watanabe and M. Fujii},
	date-added = {2021-01-30 14:46:53 +0000},
	date-modified = {2021-01-30 14:48:54 +0000},
	journal = {Opt. Express},
	pages = {10440--10447},
	title = {Investigation of polarization effects for high-numerical-aperture first-order Laguerre--Gaussian beams by 2D scanning with a single fluorescent microbead},
	volume = {13},
	year = {2005}}

@article{Bliokh2011PRL,
	author = {K. Y. Bliokh and M. R. Dennis and F. Nori},
	date-added = {2021-01-30 14:38:51 +0000},
	date-modified = {2021-01-30 14:39:41 +0000},
	journal = {Phys. Rev. Lett.},
	pages = {174802},
	title = {Relativistic Electron Vortex Beams: Angular Momentum and Spin-Orbit Interaction},
	volume = {107},
	year = {2011}}

@article{Jauregui2005,
	author = {R. Jauregui and S. Hacyan},
	date-added = {2021-01-28 17:37:38 +0000},
	date-modified = {2021-01-28 17:38:13 +0000},
	journal = {Phys. Rev. A},
	pages = {033411},
	title = {{Quantum-mechanical properties of Bessel beams}},
	volume = {71},
	year = {2005}}

@article{Bouchal1995,
	author = {Z. Bouchal and M. Olivik},
	date-added = {2021-01-28 17:35:57 +0000},
	date-modified = {2021-01-28 17:36:49 +0000},
	journal = {J. Mod. Opt.},
	pages = {1555--1566},
	title = {{Non-diffractive vector Bessel beams}},
	volume = {42},
	year = {1995}}

@article{McGloin2005,
	author = {D. McGloin and K. Dholakia},
	date-added = {2021-01-28 17:31:52 +0000},
	date-modified = {2021-01-28 17:32:42 +0000},
	journal = {Contemp. Phys.},
	pages = {15--28},
	title = {Bessel beams: diffraction in a new light},
	volume = {46},
	year = {2005}}

@article{Durnin1987_II,
	author = {J. Durnin and J. J. Miceli and J. H. Eberly},
	date-added = {2021-01-28 17:30:21 +0000},
	date-modified = {2021-01-28 17:31:24 +0000},
	journal = {Phys. Rev. Lett.},
	pages = {1499--1501},
	title = {Diffraction-free beams},
	volume = {58},
	year = {1987}}

@article{Durnin1987,
	author = {J. Durnin},
	date-added = {2021-01-28 17:28:45 +0000},
	date-modified = {2021-01-28 17:30:02 +0000},
	journal = {J. Opt. Soc. Am. A},
	pages = {651--654},
	title = {Exact solutions for nondiffracting beams. I. The scalar theory},
	volume = {4},
	year = {1987}}

@article{Wan2021,
	author = {C. Wan and J. Chen and A. Chong and Q. Zhan},
	date-added = {2021-01-28 15:46:58 +0000},
	date-modified = {2021-01-28 15:48:25 +0000},
	journal = {arXiv:2101.04949},
	title = {Experimental demonstration of ultrafast wavepacket containing orbital angular momentum with controllable orientation},
	year = {2021}}

@inbook{Berry1981,
	author = {M. V. Berry},
	chapter = {Singularities in Waves},
	date-added = {2021-01-28 15:12:22 +0000},
	date-modified = {2021-01-28 15:15:48 +0000},
	editor = {R. Balian and M. Kleman and J.-P. Poirier},
	pages = {453--543},
	publisher = {North-Holland: Amsterdam},
	title = {{Les Houches Lecture Series Session XXXV}},
	year = {1981}}

@article{Nye1974,
	author = {J. F. Nye and M. V. Berry},
	date-added = {2021-01-28 15:09:50 +0000},
	date-modified = {2021-01-28 15:10:39 +0000},
	journal = {Proc. R. Soc. Lond. Ser. A},
	pages = {165--190},
	title = {Dislocations in wave trains},
	volume = {336},
	year = {1974}}

@book{Bekshaev_book,
	author = {A. Bekshaev and M. Soskin and M. Vasnetsov},
	date-added = {2021-01-28 14:55:52 +0000},
	date-modified = {2021-01-28 14:57:29 +0000},
	publisher = {Nova Science Publishers, New York},
	title = {Paraxial Light Beams with Angular Momentum},
	year = {2008}}

@article{Larocque2018,
	author = {H. Larocque and I. Kaminer and V. Grillo and G. Leuchs and M. J. Padgett and R. W. Boyd and M. Segev and E. Karimi},
	date-added = {2021-01-28 14:37:50 +0000},
	date-modified = {2021-01-28 14:39:38 +0000},
	journal = {Contemp. Phys.},
	pages = {126--144},
	title = {`Twisted' electrons},
	volume = {59},
	year = {2018}}

@article{Lloyd2017,
	author = {S. M. Lloyd and M. Babiker and G. Thirunavukkarasu and J. Yuan},
	date-added = {2021-01-28 14:35:37 +0000},
	date-modified = {2021-01-28 14:36:22 +0000},
	journal = {Rev. Mod. Phys.},
	pages = {035004},
	title = {Electron vortices: Beams with orbital angular momentum},
	volume = {89},
	year = {2017}}

@article{Bliokh2017,
	author = {K. Y. Bliokh and I. P. Ivanov and G. Guzzinati and L. Clark and R. Van Boxem and A. Beche and R. Juchtmans and M. A. Alonso and P. Schattschneider and F. Nori and J. Verbeeck},
	date-added = {2021-01-28 14:33:52 +0000},
	date-modified = {2021-01-28 14:35:17 +0000},
	journal = {Phys. Rep.},
	pages = {1--70},
	title = {Theory and applications of free-electron vortex states},
	volume = {690},
	year = {2017}}

@article{McMorran2011,
	author = {B. J. McMorran and A. Agrawal and I. M. Anderson and A. A. Herzing and H. J. Lezec and J. J. McClelland and J. Unguris},
	date-added = {2021-01-28 14:31:18 +0000},
	date-modified = {2021-01-28 14:32:56 +0000},
	journal = {Science},
	pages = {192--195},
	title = {Electron vortex beams with high quanta of orbital angular momentum},
	volume = {331},
	year = {2011}}

@article{Verbeeck2010,
	author = {J. Verbeeck and H. Tian and P. Schattschneider},
	date-added = {2021-01-28 14:29:43 +0000},
	date-modified = {2021-01-28 14:30:47 +0000},
	journal = {Nature},
	pages = {301--304},
	title = {Production and application of electron vortex beams},
	volume = {467},
	year = {2010}}

@article{Uchida2010,
	author = {M. Uchida and A. Tonomura},
	date-added = {2021-01-28 14:28:10 +0000},
	date-modified = {2021-01-28 14:29:31 +0000},
	journal = {Nature},
	pages = {737--739},
	title = {Generation of electron beams carrying orbital angular momentum},
	volume = {464},
	year = {2010}}

@article{Marzo2018,
	author = {A. Marzo and M. Caleap and B. W. Drinkwater},
	date-added = {2021-01-28 14:23:42 +0000},
	date-modified = {2023-02-08 21:56:25 +0900},
	journal = {Phys. Rev. Lett.},
	pages = {044301},
	title = {{Acoustic Virtual Vortices with Tunable Orbital Angular Momentum for Trapping of Mie Particles}},
	volume = {120},
	year = {2018}}

@article{Anhauser2012,
	author = {A. Anhauser and R. Wunenburger and E. Brasselet},
	date-added = {2021-01-28 14:21:40 +0000},
	date-modified = {2021-01-28 14:22:25 +0000},
	journal = {Phys. Rev. Lett.},
	pages = {034301},
	title = {Acoustic Rotational Manipulation Using Orbital Angular Momentum Transfer},
	volume = {109},
	year = {2012}}

@article{Demore2012,
	author = {C. E. M. Demore and Z. Yang and A. Volovick and S. Cochran and M. P. MacDonald and G. C. Spalding},
	date-added = {2021-01-28 14:20:22 +0000},
	date-modified = {2021-01-28 14:21:19 +0000},
	journal = {Phys. Rev. Lett.},
	pages = {194301},
	title = {Mechanical Evidence of the Orbital Angular Momentum to Energy Ratio of Vortex Beams},
	volume = {108},
	year = {2012}}

@article{Volke2008,
	author = {K. Volke-Sepulveda and A. O. Santillan and R. R. Boullosa},
	date-added = {2021-01-28 14:18:12 +0000},
	date-modified = {2021-02-06 19:01:32 +0000},
	journal = {Phys. Rev. Lett.},
	pages = {024302},
	title = {Transfer of Angular Momentum to Matter from Acoustical Vortices in Free Space},
	volume = {100},
	year = {2008}}

@article{Lekner2006,
	author = {J. Lekner},
	date-added = {2021-01-28 14:17:04 +0000},
	date-modified = {2021-01-28 14:17:44 +0000},
	journal = {J. Acoust. Soc. Am.},
	pages = {3475},
	title = {Acoustic beams with angular momentum},
	volume = {120},
	year = {2006}}

@article{Hefner1999,
	author = {B. T. Hefner and P. L. Marston},
	date-added = {2021-01-28 14:15:47 +0000},
	date-modified = {2022-04-27 11:37:28 +0900},
	journal = {J. Acoust. Soc. Am.},
	pages = {3313},
	title = {An acoustical helicoidal wave transducer with applications for the alignment of ultrasonic and underwater systems},
	volume = {106},
	year = {1999}}

@article{Allen1992,
	author = {L. Allen and M. W. Beijersbergen and R. J. C. Spreeuw and J. P. Woerdman},
	date-added = {2021-01-28 14:04:42 +0000},
	date-modified = {2021-01-28 14:05:47 +0000},
	journal = {Phys. Rev. A},
	pages = {8185--8189},
	title = {{Orbital angular momentum of light and the transformation of Laguerre-Gaussian laser modes}},
	volume = {45},
	year = {1992}}

@article{Hancock2019,
	author = {S. W. Hancock and S. Zahedpour and A. Goffin and H. M. Milchberg},
	date-added = {2021-01-27 20:20:35 +0000},
	date-modified = {2021-01-27 20:21:23 +0000},
	journal = {Optica},
	pages = {1547},
	title = {Free-space propagation of spatiotemporal optical vortices},
	volume = {6},
	year = {2019}}

@article{Chong2020,
	author = {A. Chong and C. Wan and J. Chen and Q. Zhan},
	date-added = {2021-01-27 20:18:10 +0000},
	date-modified = {2021-01-27 20:19:49 +0000},
	journal = {Nat. Photon.},
	pages = {350},
	title = {Generation of spatiotemporal optical vortices with controllable transverse orbital angular momentum},
	volume = {14},
	year = {2020}}

@article{Jhajj2016,
	author = {N. Jhajj and I. Larkin and E. W. Rosenthal and S. Zahedpour and J. K. Wahlstrand and H. M. Milchberg},
	date-added = {2021-01-27 20:15:59 +0000},
	date-modified = {2021-02-07 10:04:23 +0000},
	journal = {Phys. Rev. X},
	pages = {031037},
	title = {Spatiotemporal Optical Vortices},
	volume = {6},
	year = {2016}}

@article{Bliokh2012,
	author = {K. Y. Bliokh and F. Nori},
	date-added = {2021-01-27 20:14:03 +0000},
	date-modified = {2021-01-27 20:15:17 +0000},
	journal = {Phys. Rev. A},
	pages = {033824},
	title = {Spatiotemporal vortex beams and angular momentum},
	volume = {86},
	year = {2012}}

@article{Sukhorukov2005,
	author = {A. P. Sukhorukov and V. V. Yangirova},
	date-added = {2021-01-27 20:05:10 +0000},
	date-modified = {2021-01-27 20:12:51 +0000},
	journal = {{Proc. SPIE}},
	pages = {594906},
	title = {Spatio-temporal vortices: properties, generation and recording},
	volume = {5949},
	year = {2005}}

@article{Ray2004,
	author = {R. D. Ray and G. D. Egbert},
	date-added = {2021-01-24 11:08:14 +0000},
	date-modified = {2021-01-24 11:10:22 +0000},
	journal = {J. Phys. Oceanogr.},
	pages = {1922--1935},
	title = {{The Global S1 Tide}},
	volume = {34},
	year = {2004}}

@article{Ray2001,
	author = {R. D. Ray},
	date-added = {2021-01-24 11:06:19 +0000},
	date-modified = {2021-01-24 11:07:55 +0000},
	journal = {J. Mar. Syst.},
	pages = {1--18},
	title = {Inversion of oceanic tidal currents from measured elevations},
	volume = {28},
	year = {2001}}

@article{Dennis2004_II,
	author = {M. R. Dennis},
	date-added = {2021-01-24 11:01:28 +0000},
	date-modified = {2021-01-24 11:02:18 +0000},
	journal = {J. Opt. A: Pure Appl. Opt.},
	pages = {S202--S208},
	title = {Local phase structure of wave dislocation lines: twist and twirl},
	volume = {6},
	year = {2004}}

@article{Freund2020_II,
	author = {I. Freund},
	date-added = {2021-01-21 12:53:59 +0000},
	date-modified = {2021-01-21 12:54:53 +0000},
	journal = {Opt. Lett.},
	pages = {5905--5908},
	title = {Twisted ribbon carousels in random, three-dimensional optical fields},
	volume = {45},
	year = {2020}}

@article{Hajnal1987,
	author = {J. V. Hajnal},
	date-added = {2021-01-21 10:04:35 +0000},
	date-modified = {2021-01-21 10:05:55 +0000},
	journal = {Proc. R. Soc. Lond. A},
	pages = {447--468},
	title = {{Singularities in the transverse fields of electromagnetic waves. II. Observations on the electric field}},
	volume = {414},
	year = {1987}}

@article{Long2020_II,
	author = {Y. Long and H. Ge and D. Zhang and X. Xu and J. Ren and M.-H. Lu and M. Bao and H. Chen and Y.-F. Chen},
	date-added = {2021-01-17 17:26:22 +0000},
	date-modified = {2021-01-17 17:44:44 +0000},
	journal = {Natl. Sci. Rev.},
	pages = {1024--135},
	title = {Symmetry selective directionality in near-field acoustics},
	volume = {7},
	year = {2020}}

@article{Wei2020,
	author = {L. Wei and F. J. Rodriguez-Fortuno},
	date-added = {2021-01-17 17:24:55 +0000},
	date-modified = {2021-01-17 17:30:22 +0000},
	journal = {New J. Phys.},
	pages = {083016},
	title = {Far-field and near-field directionality in acoustic scattering},
	volume = {22},
	year = {2020}}

@article{Gabrielson1995,
	author = {T. B. Gabrielson and D. L. Gardner and S. L. Garrett},
	date-added = {2021-01-17 17:00:26 +0000},
	date-modified = {2021-01-17 17:01:33 +0000},
	journal = {J. Acoust. Soc. Am.},
	pages = {2227--2237},
	title = {A simple neutrally buoyant sensor for direct measurement of particle velocity and intensity in water},
	volume = {97},
	year = {1995}}

@article{Taylor1976,
	author = {K. J. Taylor},
	date-added = {2021-01-17 16:57:06 +0000},
	date-modified = {2021-01-17 16:59:25 +0000},
	journal = {J. Acoust. Soc. Am.},
	pages = {691--694},
	title = {Absolute measurement of acoustic particle velocity},
	volume = {59},
	year = {1976}}

@book{Hansen,
	author = {W. Hansen},
	date-added = {2021-01-16 16:32:54 +0000},
	date-modified = {2021-01-16 16:33:36 +0000},
	publisher = {Hamburg: Deutsche Hydrographisches Institut},
	title = {{Gezeiten und Gezeitenstr{\"o}me der halbt{\"a}gigen Hauptmondtide M2 in der Nordsee}},
	year = {1952}}

@article{Whewell,
	author = {W. Whewell},
	date-added = {2021-01-16 16:31:54 +0000},
	date-modified = {2021-01-16 16:32:26 +0000},
	journal = {Phil. Trans. Roy. Soc. Lond.},
	pages = {289--307},
	title = {On the results of an extensive series of tide observations},
	year = {1836}}

@article{Nye1988,
	author = {J. F. Nye and J. V. Hajnal and J. H. Hannay},
	date-added = {2021-01-16 16:22:56 +0000},
	date-modified = {2021-01-21 10:10:56 +0000},
	journal = {Proc. Roy. Soc. Lond. A A},
	pages = {7--20},
	title = {Phase saddles and dislocations in two-dimensional waves such as the tides},
	volume = {417},
	year = {1988}}

@article{Freund2020,
	author = {I. Freund},
	date-added = {2021-01-11 16:19:34 +0000},
	date-modified = {2021-01-11 16:20:19 +0000},
	journal = {Opt. Lett.},
	pages = {3333--3336},
	title = {{Polarization M{\"o}bius strips on elliptical paths in three-dimensional optical fields}},
	volume = {45},
	year = {2020}}

@article{Tekce2019,
	author = {K. Tekce and E. Otte and C. Denz},
	date-added = {2021-01-11 16:15:05 +0000},
	date-modified = {2021-01-11 16:17:07 +0000},
	journal = {Opt. Express},
	pages = {29685--29696},
	title = {{Optical singularities and M{\"o}bius strip arrays in tailored non-paraxial light fields}},
	volume = {27},
	year = {2019}}

@article{Berry2001,
	author = {M. V. Berry},
	date-added = {2021-01-10 17:45:04 +0000},
	date-modified = {2021-01-10 17:47:20 +0000},
	journal = {{Proc. SPIE}},
	pages = {1},
	title = {Geometry of phase and polarization singularities, illustrated by edge diffraction and the tides},
	volume = {4403},
	year = {2001}}

@article{Bliokh2019,
	author = {Bliokh, K. Y. and Nori, F.},
	date-added = {2021-01-10 16:18:08 +0000},
	date-modified = {2021-01-10 16:21:06 +0000},
	journal = {Phys. Rev. B},
	pages = {020301(R)},
	title = {Transverse spin and surface waves in acoustic metamaterials},
	volume = {99},
	year = {2019},
	Bdsk-Url-1 = {https://link.aps.org/doi/10.1103/PhysRevB.99.020301},
	Bdsk-Url-2 = {http://dx.doi.org/10.1103/PhysRevB.99.020301}}

@article{Aiello2015,
	author = {A. Aiello and P. Banzer and M. Neugebauer and G. Leuchs},
	date-added = {2021-01-10 16:17:26 +0000},
	date-modified = {2021-01-10 16:17:26 +0000},
	journal = {Nat. Photon.},
	pages = {789-795},
	title = {From transverse angular momentum to photonic wheels},
	volume = {9},
	year = {2015}}

@article{Bauer2019,
	author = {T. Bauer and P. Banzer and F. Bouchard and S. Orlov and L. Marrucci and E. Santamato amd R. W. Boyd and E. Karimi and G. Leuchs},
	date-added = {2020-12-13 10:47:03 +0000},
	date-modified = {2020-12-13 10:48:52 +0000},
	journal = {New J. Phys.},
	pages = {053020},
	title = {Multi-twist polarization ribbon topologies in highly-confined optical fields},
	volume = {21},
	year = {2019}}

@article{Sugic2020,
	author = {D. Sugic and M. R. Dennis and F. Nori and K. Y. Bliokh},
	date-added = {2020-12-13 10:25:02 +0000},
	date-modified = {2021-01-08 19:14:10 +0000},
	journal = {Phys. Rev. Research},
	pages = {042045(R)},
	title = {{Knotted polarizations and spin in 3D polychromatic waves}},
	volume = {2},
	year = {2020}}

@article{Rondon2019,
	author = {I. Rond\'{o}n and D. Leykam},
	date-added = {2020-12-13 10:22:57 +0000},
	date-modified = {2020-12-13 10:24:09 +0000},
	journal = {J. Phys.: Cond. Mat.},
	pages = {104001},
	title = {Acoustic vortex beams in synthetic magnetic fields},
	volume = {32},
	year = {2019}}

@article{Bliokh2020,
	author = {K. Y. Bliokh and H. Punzmann and H. Xia and F. Nori and M. Shats},
	date-added = {2020-12-13 10:20:54 +0000},
	date-modified = {2020-12-13 10:20:54 +0000},
	journal = {arXiv:2009.03245},
	title = {Relativistic field-theory spin and momentum in water waves},
	year = {2020}}

@article{Long2020,
	author = {Y. Long and D. Zhang and C. Yang and J. Ge and H. Chen and J. Ren},
	date-added = {2020-12-13 10:20:44 +0000},
	date-modified = {2020-12-13 10:20:44 +0000},
	journal = {Nat. Commun.},
	pages = {4716},
	title = {Realization of acoustic spin transport in metasurface waveguides},
	volume = {11},
	year = {2020}}

@article{Larocque2020,
	author = {H. Larocque and A. D'Errico and M. F. Ferrer-Garcia and A. Carmi and E. Cohen and E. Karimi},
	date-added = {2020-11-29 15:08:19 +0000},
	date-modified = {2020-11-29 15:08:45 +0000},
	journal = {Nat. Commun.},
	pages = {5119},
	title = {Optical framed knots as information carriers},
	volume = {11},
	year = {2020}}

@article{Brixner2004,
	author = {T. Brixner and G. Krampert and T. Pfeifer and R. Selle and G. Gerber and M. Wollenhaupt and O. Graefe and C. Horn and D. Liese and T. Baumert},
	date-added = {2020-09-18 16:52:14 +0000},
	date-modified = {2020-09-18 16:53:35 +0000},
	journal = {Phys. Rev. Lett.},
	pages = {208301},
	title = {Quantum Control by Ultrafast Polarization Shaping},
	volume = {92},
	year = {2004}}

@article{Tancogne2017,
	author = {N. Tancogne-Dejean and O. D. M\"{u}cke and F. X. K\"{a}rtner and A. Rubio},
	date-added = {2020-09-18 16:34:37 +0000},
	date-modified = {2020-09-18 16:36:31 +0000},
	journal = {Nat. Commun.},
	pages = {745},
	title = {Ellipticity dependence of high-harmonic generation in solids originating from coupled intraband and interband dynamics},
	volume = {8},
	year = {2017}}

@article{Tang2020,
	author = {Y. Tang and K. Li and X. Zhang and J. Deng and G. Li and E. Brasselet},
	date-added = {2020-09-18 15:57:32 +0000},
	date-modified = {2020-09-18 15:59:37 +0000},
	journal = {Nat. Photon.},
	pages = {https://doi.org/10.1038/s41566-020-0691-0},
	title = {Harmonic spin--orbit angular momentum cascade in nonlinear optical crystals},
	year = {2020}}

@article{Kleckner2016,
	author = {D. Kleckner and L. H. Kauffman and W. T. M. Irvine},
	date-added = {2020-07-22 18:45:22 +0000},
	date-modified = {2020-07-22 18:46:30 +0000},
	journal = {Nat. Phys.},
	pages = {650},
	title = {How superfluid vortex knots untie},
	volume = {12},
	year = {2016}}

@article{Dennis2017,
	author = {M. R. Dennis and B. Bode},
	date-added = {2020-07-22 18:28:51 +0000},
	date-modified = {2020-07-22 18:30:04 +0000},
	journal = {{J. Phys. A: Math. Theor.}},
	pages = {265204},
	title = {Constructing a polynomial whose nodal set is the three-twist knot 52},
	volume = {50},
	year = {2017}}

@phdthesis{Lamm1999,
	author = {C. Lamm},
	date-added = {2020-07-22 17:13:14 +0000},
	date-modified = {2020-07-22 17:15:45 +0000},
	school = {{Universit\"{a}t Bonn}},
	title = {Cylinder Knots and Symmetric Unions},
	type = {{Ph.D.} thesis},
	year = {1999}}

@article{Arrayas2017,
	author = {M. Array\'{a}s and D. Bouwmeester and J. L. Trueba},
	date-added = {2020-07-22 16:58:29 +0000},
	date-modified = {2020-07-22 16:59:16 +0000},
	journal = {Phys. Rep.},
	pages = {1},
	title = {Knots in electromagnetism},
	volume = {667},
	year = {2017}}

@article{Kedia2013,
	author = {H. Kedia and I. Bialynicki-Birula and D. Peralta-Salas and W. T. M. Irvine},
	date-added = {2020-07-22 16:56:50 +0000},
	date-modified = {2020-07-22 16:57:55 +0000},
	journal = {Phys. Rev. Lett.},
	pages = {150404},
	title = {Tying Knots in Light Fields},
	volume = {111},
	year = {2013}}

@article{Irvine2008,
	author = {W. T. M. Irvine and D. Bouwmeester},
	date-added = {2020-07-22 16:55:21 +0000},
	date-modified = {2020-07-22 16:56:22 +0000},
	journal = {Nat. Phys.},
	pages = {716},
	title = {Linked and knotted beams of light},
	volume = {4},
	year = {2008}}

@article{Ranada1992,
	author = {A. F. {Ra\~{n}ada}},
	date-added = {2020-07-22 16:53:59 +0000},
	date-modified = {2020-07-22 17:00:55 +0000},
	journal = {{J. Phys. A: Math. Gen.}},
	pages = {1621},
	title = {Topological electromagnetism},
	volume = {25},
	year = {1992}}

@article{BerryDennis2001_II,
	author = {M. V. Berry and M. R. Dennis},
	date-added = {2020-07-22 16:50:57 +0000},
	date-modified = {2020-07-22 16:51:39 +0000},
	journal = {Proc. R. Soc. Lond. A},
	pages = {2251},
	title = {Knotted and linked phase singularities in monochromatic waves},
	volume = {457},
	year = {2001}}

@book{Boyd_book,
	author = {R. Boyd},
	date-added = {2020-07-20 14:40:52 +0000},
	date-modified = {2020-07-20 14:41:53 +0000},
	publisher = {Academic Press},
	title = {Nonlinear Optics},
	year = {2008}}

@url{SM,
	author = {{See Supplemental Material at ... for calculations of the spin and polarization parameters of knotted polarizations, equations for surface water (gravity) waves, and animated motion of water particles in interfering gravity waves}},
	date-added = {2020-07-20 10:32:09 +0000},
	date-modified = {2020-11-29 15:16:30 +0000}}

@misc{Taylor2017,
	author = {A. J. Taylor and other SPOCK contributors},
	date-added = {2020-07-15 14:08:35 +0000},
	date-modified = {2020-07-15 14:10:11 +0000},
	howpublished = {{\url{https://github.com/SPOCKnots/pyknotid}}},
	title = {Pyknotid knot identification toolkit},
	year = {2017}}

@url{surfacewave,
	author = {www.saddleback.edu/faculty/jrepka/notes/waves.html},
	date-added = {2020-07-13 15:40:08 +0000},
	date-modified = {2020-07-13 15:42:46 +0000}}

@book{LLfluid,
	author = {L. D. Landau and E. M. Lifshitz},
	date-added = {2020-07-13 15:35:18 +0000},
	date-modified = {2020-07-13 15:35:18 +0000},
	publisher = {{Butterworth-Heinemann, Oxford}},
	title = {Fluid Mechanics},
	year = {1987}}

@article{Dennis2007,
	author = {M. R. Dennis},
	date-added = {2020-07-13 15:23:19 +0000},
	date-modified = {2020-07-13 15:23:54 +0000},
	journal = {J. Opt. Soc. Am. A},
	pages = {2065},
	title = {{A three-dimensional degree of polarization based on Rayleigh scattering}},
	volume = {24},
	year = {2007}}

@article{Ellis2005,
	author = {J. Ellis and A. Dogariu},
	date-added = {2020-07-13 15:19:51 +0000},
	date-modified = {2020-07-13 15:20:27 +0000},
	journal = {Phys. Rev. Lett.},
	pages = {203905},
	title = {Optical Polarimetry of Random Fields},
	volume = {95},
	year = {2005}}

@article{Bliokh2014,
	author = {K. Y. Bliokh and Y. S. Kivshar and F. Nori},
	date-added = {2020-07-13 15:15:17 +0000},
	date-modified = {2020-07-13 15:15:25 +0000},
	journal = {Phys. Rev. Lett.},
	pages = {033601},
	title = {Magnetoelectric Effects in Local Light-Matter Interactions},
	volume = {113},
	year = {2014}}

@article{Bliokh2013NJP,
	author = {K. Y. Bliokh and A. Y. Bekshaev and F. Nori},
	date-added = {2020-07-13 15:03:41 +0000},
	date-modified = {2021-04-28 14:22:05 +0000},
	journal = {New J. Phys.},
	pages = {033026},
	title = {Dual electromagnetism: helicity, spin, momentum and angular momentum},
	volume = {15},
	year = 2013,
	Bdsk-Url-1 = {https://doi.org/10.1088/1367-2630/15/3/033026},
	Bdsk-Url-2 = {http://dx.doi.org/10.1088/1367-2630/15/3/033026}}

@article{Enk1994,
	author = {S. J. van Enk and G. Nienhuis},
	date-added = {2020-07-13 14:47:22 +0000},
	date-modified = {2020-07-13 14:48:12 +0000},
	journal = {EPL},
	pages = {497},
	title = {Spin and Orbital Angular Momentum of Photons},
	volume = {25},
	year = {1994}}

@article{Toftul2019,
	author = {Toftul, I. D. and Bliokh, K. Y. and Petrov, M. I. and Nori, F.},
	date-added = {2020-07-13 14:32:44 +0000},
	date-modified = {2020-07-13 14:32:49 +0000},
	journal = {Phys. Rev. Lett.},
	pages = {183901},
	title = {Acoustic Radiation Force and Torque on Small Particles as Measures of the Canonical Momentum and Spin Densities},
	volume = {123},
	year = {2019},
	Bdsk-Url-1 = {https://link.aps.org/doi/10.1103/PhysRevLett.123.183901},
	Bdsk-Url-2 = {http://dx.doi.org/10.1103/PhysRevLett.123.183901}}

@article{Cameron2012,
	author = {R. P. Cameron and S. M. Barnett and A. M. Yao},
	date-added = {2020-07-13 14:28:51 +0000},
	date-modified = {2020-07-13 14:28:51 +0000},
	journal = {New J. Phys.},
	pages = {053050},
	title = {Optical helicity, optical spin and related quantities in electromagnetic theory},
	volume = {14},
	year = {2012},
	Bdsk-Url-1 = {http://dx.doi.org/10.1088/1367-2630/14/5/053050}}

@article{BAD2019,
	author = {K. Y. Bliokh and M. A. Alonso and M. R. Dennis},
	date-added = {2020-07-13 14:14:49 +0000},
	date-modified = {2020-07-13 15:11:34 +0000},
	journal = {Rep. Prog. Phys.},
	pages = {122401},
	title = {{Geometric phases in 2D and 3D polarized fields: geometrical, dynamical, and topological aspects}},
	volume = {82},
	year = {2019}}

@article{Hoste2007,
	author = {J. Hoste},
	date-added = {2020-07-13 12:51:36 +0000},
	date-modified = {2020-07-15 14:06:22 +0000},
	journal = {J. Knot Theory Ramif.},
	pages = {265},
	title = {{Torus knots are Fourier-(1,1,2) knots}},
	volume = {18},
	year = {2009}}

@article{Lamm1997,
	author = {C. Lamm},
	date-added = {2020-07-13 12:47:02 +0000},
	date-modified = {2020-07-13 15:11:48 +0000},
	journal = {Manuscripta Math.},
	pages = {29},
	title = {{There are infinitely many Lissajous knots}},
	volume = {93},
	year = {1997},
	Bdsk-Url-1 = {https://doi.org/10.1007/BF02677455}}

@article{Boocher2009,
	author = {A. Boocher and J. Daigle and J. Hoste and W. Zheng},
	date-added = {2020-07-13 12:42:53 +0000},
	date-modified = {2020-07-13 15:12:15 +0000},
	journal = {Experiment. Math.},
	pages = {481},
	title = {{Sampling Lissajous and Fourier Knots}},
	volume = {18},
	year = {2009},
	Bdsk-Url-1 = {https://projecteuclid.org:443/euclid.em/1259158509}}

@article{Bogle1994,
	author = {M. G. V. Bogle and J. E. Hearst and V. F. R. Jones and L. Stoilov},
	date-added = {2020-07-13 12:39:53 +0000},
	date-modified = {2020-07-13 12:41:49 +0000},
	journal = {J. Knot Theory Ramif.},
	pages = {121},
	title = {Lissajous knots},
	volume = {3},
	year = {1994}}

@incollection{Kauffman1997,
	author = {L. H. Kauffman},
	booktitle = {Ideal Knots},
	date-added = {2020-07-13 12:33:35 +0000},
	date-modified = {2020-07-15 14:02:14 +0000},
	editor = {A. Stasiak and V. Katritch and L. H. Kauffman},
	journal = {arXiv:q-alg/9711013},
	publisher = {World Scientific, Singapore},
	title = {Fourier Knots},
	volume = {19},
	year = {1998}}

@phdthesis{Trautwein1995,
	author = {A. Trautwein},
	date-added = {2020-07-13 12:32:53 +0000},
	date-modified = {2020-07-13 12:33:07 +0000},
	school = {University of Iowa},
	title = {Harmonic Knots},
	type = {{Ph.D.} thesis},
	year = {1995}}

@book{Rolfsen_book,
	author = {D. Rolfsen},
	date-added = {2020-07-13 12:28:47 +0000},
	date-modified = {2020-07-13 12:30:13 +0000},
	publisher = {AMS Chelsea Publishing},
	title = {Knots and Links},
	year = {2003}}

@article{Gorce2019,
	author = {J.-B. Gorce and H. Xia and N. Francois and H. Punzmann and G. Falkovich and M. Shats},
	date-added = {2020-07-13 12:23:18 +0000},
	date-modified = {2020-07-13 12:24:55 +0000},
	journal = {Proc. Natl. Acad. Sci. U.S.A.},
	pages = {25424},
	title = {Confinement of surface spinners in liquid metamaterials},
	volume = {116},
	year = {2019}}

@article{Francois2017,
	author = {N. Francois and H. Xia and H. Punzmann and P. W. Fontana and M. Shats},
	date-added = {2020-07-13 12:22:44 +0000},
	date-modified = {2020-07-13 12:22:44 +0000},
	journal = {Nat. Commun.},
	pages = {14325},
	title = {Wave-based liquid-interface metamaterials},
	volume = {8},
	year = {2017}}

@article{Sugic2018,
	author = {D. Sugic and M. R. Dennis},
	date-added = {2020-07-13 11:51:42 +0000},
	date-modified = {2020-07-13 11:52:43 +0000},
	journal = {J. Opt. Soc. Am. A},
	pages = {1987`},
	title = {Singular knot bundle in light},
	volume = {35},
	year = {2018}}

@book{Kauffman_book,
	author = {L. H. Kauffman},
	date-added = {2020-07-13 11:26:08 +0000},
	date-modified = {2020-07-13 11:26:59 +0000},
	publisher = {World Scientific, Singapore},
	title = {Knots and Physics},
	year = {2001}}

@article{Fleischer2014,
	abstract = {The roles of energy, momentum and orbital angular momentum conservation in high-harmonic generation were studied in the past. Here, we explore the role of spin angular momentum in high-harmonic generation by experimentally generating high harmonics of bichromatic elliptically polarized pump beams that interact with isotropic media. We explain qualitatively many observed intricate selection rules with a model that includes spin conservation in the conversion of many pump photons into a single photon. However, we also observe unequivocal deviations from this model, indicating that emission of an elliptically polarized high-energy photon is accompanied by an additional excitation (radiative or electronic). The presented results are also important for applications, because our system exhibits full control over the polarization of the harmonics, from circular through elliptical to linear polarization, without compromising the efficiency of the process. This work paves the way for a broad range of applications with high-harmonic generation, including ultrafast circular dichroism of molecules and magnetic materials.},
	author = {A. Fleischer and O. Kfir and T. Diskin and P. Sidorenko and O. Cohen},
	date-added = {2020-07-13 11:23:01 +0000},
	date-modified = {2020-07-13 11:23:57 +0000},
	journal = {Nat. Photon.},
	pages = {543},
	title = {Spin angular momentum and tunable polarization in high-harmonic generation},
	volume = {8},
	year = {2014},
	Bdsk-Url-1 = {https://doi.org/10.1038/nphoton.2014.108}}

@article{Pisanty2019,
	author = {E. Pisanty and G. J. Machado and V. Vicu{\~n}a-Hern{\'a}ndez and A. Pic{\'o}n and A. Celi and J. P. Torres and M. Lewenstein},
	date-added = {2020-07-12 17:59:03 +0000},
	date-modified = {2020-07-12 18:00:43 +0000},
	journal = {Nat. Photon.},
	pages = {569},
	title = {Knotting fractional-order knots with the polarization state of light},
	volume = {13},
	year = {2019}}

@article{Freund2003_II,
	author = {I. Freund},
	date-added = {2020-07-12 17:56:02 +0000},
	date-modified = {2020-07-13 15:12:05 +0000},
	journal = {Opt. Commun.},
	pages = {351},
	title = {{Bichromatic optical Lissajous fields}},
	volume = {226},
	year = {2003}}

@article{Freund2003_I,
	author = {D. A. Kessler and I. Freund},
	date-added = {2020-07-12 17:55:16 +0000},
	date-modified = {2020-07-15 14:11:33 +0000},
	journal = {Opt. Lett.},
	pages = {111},
	title = {Lissajous singularities},
	volume = {28},
	year = {2003}}

@article{Eismann2020,
	author = {J. S. Eismann and L. H. Nicholls and D. J. Roth and M. A. Alonso and P. Banzer and F. J. Rodriguez-Fortuno and A. V. Zayats and F. Nori and K. Y. Bliokh},
	date-added = {2020-07-12 17:41:49 +0000},
	date-modified = {2020-07-12 17:52:17 +0000},
	journal = {arXiv:2004.02970},
	title = {Transverse spinning of unpolarized light},
	year = {2020}}

@article{Pertruccelli2010,
	author = {J. C. Petruccelli and N. J. Moore and M. A. Alonso},
	date-added = {2020-07-12 17:35:44 +0000},
	date-modified = {2020-07-12 17:37:22 +0000},
	journal = {Opt. Commun.},
	pages = {4457},
	title = {Two methods for modeling the propagation of the coherence and polarization properties of nonparaxial fields},
	volume = {283},
	year = {2010}}

@article{Long2018,
	author = {Y. Long and J. Ren and H. Chen},
	date-added = {2020-07-12 17:30:20 +0000},
	date-modified = {2020-11-29 15:17:27 +0000},
	journal = {Proc. Natl. Acad. Sci. U.S.A.},
	pages = {9951--9955},
	title = {Intrinsic spin of elastic waves},
	volume = {115},
	year = {2018},
	Bdsk-Url-1 = {https://doi.org/10.1073/pnas.1808534115},
	Bdsk-Url-2 = {http://dx.doi.org/10.1073/pnas.1808534115}}

@article{Burns2020,
	author = {L. Burns and K. Y. Bliokh and F. Nori and J. Dressel},
	date-added = {2020-07-12 17:09:33 +0000},
	date-modified = {2020-07-12 17:10:26 +0000},
	journal = {New J. Phys.},
	pages = {053050},
	title = {Acoustic versus electromagnetic field theory: scalar, vector, spinor representations and the emergence of acoustic spin},
	volume = {22},
	year = {2020}}

@book{Auld_book,
	author = {B. A. Auld},
	date-added = {2020-07-12 17:03:36 +0000},
	date-modified = {2020-07-12 17:03:58 +0000},
	publisher = {{John Wiley \& Sons, New York}},
	title = {Acoustic Fields and Waves in Solids},
	year = {1973}}

@article{Bliokh2019_II,
	author = {Bliokh, K. Y. and Nori, F.},
	date-added = {2020-07-12 17:01:05 +0000},
	date-modified = {2020-07-12 17:02:13 +0000},
	journal = {Phys. Rev. B},
	pages = {174310},
	title = {Spin and orbital angular momenta of acoustic beams},
	volume = {99},
	year = {2019},
	Bdsk-Url-1 = {https://link.aps.org/doi/10.1103/PhysRevB.99.174310},
	Bdsk-Url-2 = {http://dx.doi.org/10.1103/PhysRevB.99.174310}}

@article{Shi2019,
	author = {C. Shi and R. Zhao and Y. Long and S. Yang and Y. Wang and H. Chen and J. Ren and X. Zhang},
	date-added = {2020-07-12 16:59:58 +0000},
	date-modified = {2020-07-12 17:00:12 +0000},
	journal = {Natl. Sci. Rev.},
	pages = {707},
	title = {Observation of acoustic spin},
	volume = {6},
	year = {2019},
	Bdsk-Url-1 = {https://doi.org/10.1093/nsr/nwz059},
	Bdsk-Url-2 = {http://dx.doi.org/10.1093/nsr/nwz059}}

@article{Berry2019_II,
	author = {M. V. Berry and P. Shukla},
	date-added = {2019-07-05 09:20:20 +0000},
	date-modified = {2021-11-29 11:22:32 +0900},
	journal = {J. Opt.},
	pages = {064002},
	title = {{Geometry of 3D monochromatic light: local wavevectors, phases, curl forces, and superoscillations}},
	volume = {21},
	year = {2019}}

@article{Karimi2019,
	author = {E. Cohen and H. Larocque and F. Bouchard and F. Nejadsattari and Y. Gefen and E. Karimi},
	date-added = {2019-07-03 11:00:44 +0000},
	date-modified = {2019-07-05 17:34:53 +0000},
	journal = {Nat. Rev. Phys.},
	pages = {437--449},
	title = {{Geometric phase from Aharonov-Bohm to Pancharatnam-Berry and beyond}},
	volume = {1},
	year = {2019}}

@article{Ma2016,
	author = {L. B. Ma and S. L. Li and V. M. Fomin and M. Hentschel and J. B. G\"otte and Y. Yin and M. R. Jorgensen and O. G. Schmidt},
	date-added = {2019-03-11 08:23:21 +0000},
	date-modified = {2019-03-11 08:24:55 +0000},
	journal = {Nat. Commun.},
	pages = {10983},
	title = {Spin-orbit coupling of light in asymmetric microcavities},
	volume = {7},
	year = {2016}}

@article{Bomzon2007,
	author = {Bomzon, Z. and Gu, M.},
	date-added = {2019-03-04 08:21:51 +0000},
	date-modified = {2019-03-04 08:22:32 +0000},
	journal = {Opt. Lett.},
	pages = {3017-3019},
	title = {Space-variant geometrical phases in focused cylindrical light beams},
	volume = {32},
	year = {2007}}

@article{Zhao2007,
	author = {Zhao, Y. and Edgar, J. S. and Jeffries, G. D. M. and McGloin, D. and Chiu, D. T.},
	date-added = {2019-03-04 08:20:01 +0000},
	date-modified = {2019-03-04 08:21:07 +0000},
	journal = {Phys. Rev. Lett.},
	pages = {073901},
	title = {Spin-to-orbital angular momentum conversion in a strongly focused optical beam},
	volume = {99},
	year = {2007}}

@article{Dogariu2006,
	author = {Dogariu, A. and Schwartz, C.},
	date-added = {2019-03-04 08:18:25 +0000},
	date-modified = {2019-03-04 08:19:29 +0000},
	journal = {Opt. Express},
	pages = {8425-8433},
	title = {Conservation of angular momentum of light in single scattering},
	volume = {14},
	year = {2006}}

@book{Jackson,
	author = {J. D. Jackson},
	date-added = {2019-03-02 10:42:46 +0000},
	date-modified = {2019-03-02 10:42:46 +0000},
	edition = {3},
	publisher = {Wiley},
	title = {{Classical Electrodynamics}},
	year = {1999}}

@book{Marcuse,
	author = {D. Marcuse},
	date-added = {2019-03-02 10:10:34 +0000},
	date-modified = {2019-03-02 10:10:56 +0000},
	publisher = {Van Nostrand Reinhold},
	title = {{Light Transmission Optics}},
	year = {1982}}

@book{Snyder,
	author = {A. W. Snyder and J. Love},
	date-added = {2019-03-02 10:10:00 +0000},
	date-modified = {2019-03-02 10:10:32 +0000},
	publisher = {Springer},
	title = {{Optical Waveguide Theory}},
	year = {1983}}

@book{BLP,
	author = {Berestetskii, V. B. and Lifshitz, E. M. and Pitaevskii, L. P.},
	date-added = {2019-03-01 07:06:00 +0000},
	date-modified = {2021-01-25 14:53:42 +0000},
	publisher = {Pergamon Press, Oxford},
	title = {{Quantum Electrodynamics}},
	year = {1982}}

@article{Bliokh2004II,
	author = {K. Y. Bliokh and Y. P. Bliokh},
	date-added = {2019-03-01 05:58:43 +0000},
	date-modified = {2019-03-01 05:59:31 +0000},
	journal = {Phys. Lett. A},
	pages = {181-186},
	title = {{Topological spin transport of photons: the optical Magnus effect and Berry phase}},
	volume = {333},
	year = {2004}}

@article{Duval2006,
	author = {C. Duval and Z. Horv\'ath and P. A. Horv\'athy},
	date-added = {2019-03-01 05:54:21 +0000},
	date-modified = {2019-03-01 05:55:18 +0000},
	journal = {Phys. Rev. D},
	pages = {021701(R)},
	title = {Fermat principle for spinning light},
	volume = {74},
	year = {2006}}

@article{Bliokh2008NP,
	author = {K. Y. Bliokh and A. Niv and V. Kleiner and E. Hasman},
	date-added = {2019-03-01 05:49:51 +0000},
	date-modified = {2019-03-01 05:50:59 +0000},
	journal = {Nat. Photon.},
	pages = {748-753},
	title = {Geometrodynamics of spinning light},
	volume = {2},
	year = {2008}}

@article{Bliokh2004,
	author = {K. Y. Bliokh and Y. P. Bliokh},
	date-added = {2019-03-01 05:48:28 +0000},
	date-modified = {2019-03-01 05:49:19 +0000},
	journal = {Phys. Rev. E},
	pages = {026605},
	title = {{Modified geometrical optics of a smoothly inhomogeneous isotropic medium: The anisotropy, Berry phase, and the optical Magnus effect}},
	volume = {70},
	year = {2004}}

@article{Mathur1991,
	author = {H. Mathur},
	date-added = {2019-03-01 05:45:45 +0000},
	date-modified = {2019-03-01 05:46:45 +0000},
	journal = {Phys. Rev. Lett.},
	pages = {3325-3327},
	title = {{Thomas Precession, Spin-Orbit Interaction, and Berry's Phase}},
	volume = {67},
	year = {1991}}

@article{Niu1999,
	author = {G. Sundaram and Q. Niu},
	date-added = {2019-03-01 05:43:12 +0000},
	date-modified = {2019-03-01 05:44:00 +0000},
	journal = {Phys. Rev. B},
	pages = {14915-14925},
	title = {{Wave-packet dynamics in slowly perturbed crystals: Gradient corrections and Berry-phase effects}},
	volume = {59},
	year = {1999}}

@article{Niu1996,
	author = {M.-C. Chang and Q. Niu},
	date-added = {2019-03-01 05:41:09 +0000},
	date-modified = {2019-03-01 05:42:11 +0000},
	journal = {Phys. Rev. B},
	pages = {7010-7023},
	title = {{Berry phase, hyperorbits, and the Hofstadter spectrum: Semiclassical dynamics in magnetic Bloch bands}},
	volume = {53},
	year = {1996}}

@article{Kuratsuji1986,
	author = {H. Kuratsuji and S. Iida},
	date-added = {2019-03-01 05:38:30 +0000},
	date-modified = {2019-03-01 05:40:11 +0000},
	journal = {Phys. Rev. Lett.},
	pages = {1003-1006},
	title = {Dynamical Meaning of Quantum Adiabatic Phase: The Case of a Noncanonical System},
	volume = {56},
	year = {1986}}

@article{Kuratsuji1985,
	author = {H. Kuratsuji and S. Iida},
	date-added = {2019-03-01 05:33:41 +0000},
	date-modified = {2019-03-01 05:38:08 +0000},
	journal = {Prog. Theor. Phys.},
	pages = {439-445},
	title = {Effective Action for Adiabatic Processes},
	volume = {74},
	year = {1985}}

@article{Berry1998,
	author = {M. V. Berry},
	date-added = {2019-02-26 08:57:19 +0000},
	date-modified = {2021-01-31 12:54:49 +0000},
	journal = {{Proc. of SPIE}},
	pages = {6--11},
	title = {Paraxial beams of spinning light},
	volume = {3487},
	year = {1998}}

@article{Garcia2017,
	author = {A. Garcia-Etxarri},
	date-added = {2019-02-24 12:57:36 +0000},
	date-modified = {2019-02-24 12:58:25 +0000},
	journal = {{ACS Photon.}},
	pages = {1159-1164},
	title = {{Optical polarization M{\"o}bius strips on all-Dielectric optical scatterers}},
	volume = {4},
	year = {2017}}

@article{Dennis2011,
	author = {M. R. Dennis},
	date-added = {2019-02-24 12:54:58 +0000},
	date-modified = {2019-02-24 12:55:37 +0000},
	journal = {Opt. Lett.},
	pages = {3765-3767},
	title = {Fermionic out-of-plane structure of polarization singularities},
	volume = {36},
	year = {2011}}

@article{Freund2010II,
	author = {I. Freund},
	date-added = {2019-02-24 12:53:04 +0000},
	date-modified = {2019-02-24 12:53:04 +0000},
	journal = {Opt. Lett.},
	pages = {148-150},
	title = {{Multitwist optical M{\"o}bius strips}},
	volume = {35},
	year = {2010}}

@article{Hannay1996,
	annote = {A natural statistical ensemble of 2J points on the unit sphere can be associated, via the Majorana representation, with a random quantum state of spin J, and an exact expression is obtained here for the general k point correlation function  in this ensemble. The pair correlation  in the large-J limit takes the relatively simple form  where  and  is the angular separation of the pair of points on the sphere. It appears (from the numerical work of others) that, in this limit, these statistics are typical of the zero points of analytic functions associated with chaotic quantum dynamical systems.},
	author = {J H Hannay},
	date-added = {2019-02-23 11:42:07 +0000},
	date-modified = {2019-02-23 11:42:20 +0000},
	doi = {10.1088/0305-4470/29/5/004},
	journal = {Journal of Physics A: Mathematical and General},
	month = {mar},
	number = {5},
	pages = {L101--L105},
	publisher = {{IOP} Publishing},
	title = {Chaotic analytic zero points: exact statistics for those of a random spin state},
	url = {https://doi.org/10.1088%2F0305-4470%2F29%2F5%2F004},
	volume = {29},
	year = 1996,
	Bdsk-Url-1 = {https://doi.org/10.1088%2F0305-4470%2F29%2F5%2F004},
	Bdsk-Url-2 = {http://dx.doi.org/10.1088/0305-4470/29/5/004}}

@article{Sheppard1998,
	author = {C. J. R. Sheppard and S. Saghafi},
	date-added = {2019-02-23 11:31:10 +0000},
	date-modified = {2019-02-23 11:32:50 +0000},
	journal = {Phys. Rev. A},
	pages = {2971-2979},
	title = {Beam modes beyond the paraxial approximation: a scalar treatment},
	volume = {57},
	year = {1998}}

@article{Berry1994,
	author = {M. V. Berry},
	date-added = {2019-02-23 11:29:38 +0000},
	date-modified = {2019-02-23 11:31:03 +0000},
	journal = {J. Phys. A: Math. Gen.},
	pages = {L391-L398},
	title = {{Evanescent and real waves in quantum billiards and Gaussian beams}},
	volume = {27},
	year = {1994}}

@article{Majorana1932,
	author = {E. Majorana},
	date-added = {2019-02-23 11:25:15 +0000},
	date-modified = {2019-02-23 11:27:49 +0000},
	journal = {Nuovo Cim.},
	pages = {43-50},
	title = {Atomi orientati in campo magnetico variabile},
	volume = {9},
	year = {1932}}

@article{Alonso2011,
	author = {M. A. Alonso},
	date-added = {2019-02-23 11:23:55 +0000},
	date-modified = {2019-02-23 11:29:30 +0000},
	journal = {J. Opt.},
	pages = {064016},
	title = {The effect of orbital angular momentum and helicity in the uncertainty-type relations between focal spot size and angular spread},
	volume = {13},
	year = {2011}}

@article{Berard2006,
	author = {A. B{\'e}rard and H. Mohrbach},
	date-added = {2019-02-22 15:00:08 +0000},
	date-modified = {2019-02-22 15:01:16 +0000},
	journal = {Phys. Lett. A},
	pages = {190-195},
	title = {{Spin Hall effect and Berry phase of spinning particles}},
	volume = {352},
	year = {2006}}

@article{Skagestam1992,
	author = {B.-S. Skagestam},
	date-added = {2019-02-22 14:57:19 +0000},
	date-modified = {2019-02-22 14:58:29 +0000},
	journal = {arXiv:hep-th/9210054},
	title = {{Localization of massless spinning Particles and the Berry phase}},
	year = {1992}}

@article{BB1987,
	author = {I. Bialynicki-Birula and Z. Bialynicka-Birula},
	date-added = {2019-02-22 13:40:38 +0000},
	date-modified = {2019-02-22 13:41:42 +0000},
	journal = {Phys. Rev. D},
	pages = {2383},
	title = {{Berry's phase in the relativistic theory of spinning particles}},
	volume = {35},
	year = {1987}}

@article{Jordan1987,
	author = {T. F. Jordan},
	date-added = {2019-02-22 13:39:14 +0000},
	date-modified = {2019-02-22 13:42:15 +0000},
	journal = {J. Math. Phys.},
	pages = {1759},
	title = {{Direct calculation of the Berry phase for spins and helicities}},
	volume = {28},
	year = {1987}}

@article{Segert1987,
	author = {J. Segert},
	date-added = {2019-02-22 13:37:57 +0000},
	date-modified = {2019-02-22 13:38:38 +0000},
	journal = {Phys. Rev. A},
	pages = {10-15},
	title = {{Photon Berry's phase as a classical topological effect}},
	volume = {36},
	year = {1987}}

@article{Haldane1986,
	author = {F. D. M. Haldane},
	date-added = {2019-02-22 13:35:13 +0000},
	date-modified = {2019-02-22 13:36:14 +0000},
	journal = {Opt. Lett.},
	pages = {730-732},
	title = {Path dependence of the geometric rotation of polarization in optical fibers},
	volume = {11},
	year = {1986}}

@article{Bortolotti,
	author = {Bortolotti, E},
	date-added = {2019-02-22 11:54:45 +0000},
	date-modified = {2019-02-22 11:55:26 +0000},
	journal = {{Rend. R. Acc. Naz. Linc.}},
	pages = {552},
	title = {Memories and notes presented by fellows},
	volume = {4},
	year = {1926}}

@article{Malykin2004,
	author = {G. B. Malykin and V. I. Pozdnyakova},
	date-added = {2019-02-22 05:59:47 +0000},
	date-modified = {2019-07-05 17:36:57 +0000},
	journal = {{Phys.--Usp.}},
	pages = {289--308},
	title = {Geometric phases in singlemode fiber lightguides and fiber ring interferometers},
	volume = {47},
	year = {2004}}

@article{Ben-Aryeh2004,
	author = {Y. Ben-Aryeh},
	date-added = {2019-02-22 05:56:32 +0000},
	date-modified = {2019-02-22 05:57:16 +0000},
	journal = {{J. Opt. B: Quantum Semiclass. Opt.}},
	pages = {R1-R18},
	title = {{Berry and Pancharatnam topological phases of atomic and optical systems}},
	volume = {6},
	year = {2004}}

@article{Molina2007,
	author = {G. Molina-Terriza and J. P. Torres and L. Torner},
	date-added = {2019-02-21 11:16:16 +0000},
	date-modified = {2019-02-21 11:16:16 +0000},
	journal = {Nat. Phys.},
	pages = {305},
	title = {Twisted photons},
	volume = {3},
	year = {2007}}

@article{Franke2008,
	author = {S. Franke-Arnold and L. Allen and M. J. Padgett},
	date-added = {2019-02-21 11:15:56 +0000},
	date-modified = {2023-03-12 14:02:57 +0900},
	journal = {Laser Photonics Rev.},
	pages = {299},
	title = {Advances in optical angular momentum},
	volume = {2},
	year = {2008}}

@article{Bliokh2007,
	author = {K. Y. Bliokh and Y. P. Bliokh and S. Savel'ev and F. Nori},
	date-added = {2019-02-21 11:11:09 +0000},
	date-modified = {2021-01-28 14:27:51 +0000},
	journal = {Phys. Rev. Lett.},
	pages = {190404},
	title = {Semiclassical Dynamics of Electron Wave Packet States with Phase Vortices},
	volume = {99},
	year = {2007}}

@article{Doeleman2018_1,
	annote = {Optical bound states in the continuum (BICs) are states supported by a photonic structure that are compatible with free-space radiation, yet become perfectly bound for one specific in-plane momentum and wavelength1,2. Recently, it was predicted that light radiated by such modes around the BIC momentum--frequency condition should display a vortex in its far-field polarization profile, making the BIC topologically protected3. Here, we study a one-dimensional grating supporting a transverse magnetic mode with a BIC near 700 nm wavelength, verifying the existence of the BIC using reflection measurements, which show a vanishing reflection feature. Using k-space polarimetry, we measure the full polarization state of reflection around the BIC, highlighting the presence of a topological vortex. We use an electromagnetic dipole model to explain the observed BIC through destructive interference between two radiation channels, characteristic of a Friedrich--Wintgen-type BIC4. Our findings shed light on the origin of BICs and verify their topological nature.},
	author = {Doeleman, H. M. and Monticone, F. and den Hollander, W. and Al{\`u}, A. and Koenderink, A. F.},
	date-added = {2019-02-21 10:59:40 +0000},
	date-modified = {2019-02-21 11:02:24 +0000},
	journal = {Nat. Photon.},
	number = {7},
	pages = {397--401},
	title = {Experimental observation of a polarization vortex at an optical bound state in the continuum},
	volume = {12},
	year = {2018},
	Bdsk-Url-1 = {https://doi.org/10.1038/s41566-018-0177-5},
	Bdsk-Url-2 = {http://dx.doi.org/10.1038/s41566-018-0177-5}}

@article{Zhang2018,
	author = {Y. Zhang and A. Chen and W. Liu and C. W. Hsu and B. Wang and F. Guan and X. Liu and L. Shi and L. Lu and J. Zi},
	date-added = {2019-02-21 10:51:57 +0000},
	date-modified = {2019-02-21 10:53:22 +0000},
	journal = {Phys. Rev. Lett.},
	pages = {186103},
	title = {Observation of Polarization Vortices in Momentum Space},
	volume = {120},
	year = {2018}}

@article{Otte2016,
	author = {E. Otte and C. Alpmann and C. Denz},
	date-added = {2019-02-21 10:49:41 +0000},
	date-modified = {2019-02-21 10:50:20 +0000},
	journal = {J. Opt.},
	pages = {074012},
	title = {Higher-order polarization singularitites in tailored vector beams},
	volume = {18},
	year = {2016}}

@article{Cardano2013,
	author = {F. Cardano and E. Karimi and L. Marrucci and C. de Lisio and E. Santamato},
	date-added = {2019-02-21 10:44:30 +0000},
	date-modified = {2019-02-21 10:45:48 +0000},
	journal = {Opt. Express},
	pages = {8815-8820},
	title = {Generation and dynamics of optical beams with polarization singularities},
	volume = {21},
	year = {2013}}

@article{Maurer2007,
	author = {C. Maurer and A. Jesacher and S. F{\"u}rhapter and S. Bernet and M. Ritsch-Marte},
	date-added = {2019-02-21 10:41:08 +0000},
	date-modified = {2019-02-21 10:42:15 +0000},
	journal = {New J. Phys.},
	pages = {78},
	title = {Tailoring of arbitrary optical vector beams},
	volume = {9},
	year = {2007}}

@article{Wang2007,
	author = {X.-L. Wang and J. Ding and W.-J. Ni and C.-S. Guo and H.-T. Wang},
	date-added = {2019-02-21 10:38:08 +0000},
	date-modified = {2019-02-21 10:39:29 +0000},
	journal = {Opt. Lett.},
	pages = {3549-3551},
	title = {Generation of arbitrary vector beams with a spatial light modulator and a common path interferometric arrangement},
	volume = {32},
	year = {2007}}

@article{Zhan2009,
	author = {Q. Zhan},
	date-added = {2019-02-21 10:35:59 +0000},
	date-modified = {2019-02-21 10:36:38 +0000},
	journal = {Adv. Opt. Photon.},
	pages = {1-57},
	title = {Cylindrical vector beams: from mathematical concepts to applications},
	volume = {1},
	year = {2009}}

@article{Galvez2012,
	author = {E. J. Galvez and S. Khadka and W. H. Schubert and S. Nomoto},
	date-added = {2019-02-21 10:30:46 +0000},
	date-modified = {2019-02-21 10:32:00 +0000},
	journal = {Appl. Opt.},
	pages = {2925-2934},
	title = {{Poincar{\'e}-beam patterns produced by nonseparable superpositions of Laguerre-Gauss and polarization modes of light}},
	volume = {51},
	year = {2012}}

@article{Milione2011,
	author = {G. Milione and H. I. Sztul and D. A. Nolan and R. R. Alfano},
	date-added = {2019-02-21 10:27:09 +0000},
	date-modified = {2019-02-21 10:28:03 +0000},
	journal = {Phys. Rev. Lett.},
	pages = {053601},
	title = {{Higher-order Poincar\'e sphere, Stokes parameters, and the angular momentum of light}},
	volume = {107},
	year = {2011}}

@article{Alonso2010,
	author = {A. M. Beckley and T. G. Brown and M. A. Alonso},
	date-added = {2019-02-21 10:24:46 +0000},
	date-modified = {2019-02-21 10:25:40 +0000},
	journal = {Opt. Express},
	pages = {10777-10785},
	title = {{Full Poincar{\'e} beams}},
	volume = {18},
	year = {2010}}

@article{Bliokh2008OE,
	author = {K. Y. Bliokh and A. Niv and V. Kleiner and E. Hasman},
	date-added = {2019-02-21 10:22:49 +0000},
	date-modified = {2019-02-21 10:24:07 +0000},
	journal = {Opt. Express},
	pages = {695-709},
	title = {{Singular polarimetry: Evolution of polarization singularities in electromagnetic waves propagating in a weakly anisotropic medium}},
	volume = {16},
	year = {2008}}

@article{Niv2006,
	author = {A. Niv and G. Biener and V. Kleiner and E. Hasman},
	date-added = {2019-02-21 10:21:25 +0000},
	date-modified = {2019-02-21 10:22:17 +0000},
	journal = {Opt. Commun.},
	pages = {4208-4220},
	title = {{Manipulation of the Pancharatnam phase in vectorial vortices}},
	volume = {14},
	year = {2006}}

@article{Freund2002,
	author = {I. Freund},
	date-added = {2019-02-21 10:17:22 +0000},
	date-modified = {2019-02-21 10:18:05 +0000},
	journal = {Opt. Commun.},
	pages = {251-270},
	title = {{Polarization singularity indices in Gaussian laser beams}},
	volume = {201},
	year = {2002}}

@article{Alonso2019,
	author = {L. A. Alem{\'a}n-Casta{\~n}eda and B. Piccirillo and E. Santamato and L. Marrucci and M. A. Alonso},
	date-added = {2019-02-21 09:44:29 +0000},
	date-modified = {2019-02-21 09:45:33 +0000},
	journal = {Optica},
	title = {Shearing interferometry via geometric phase},
	year = {2019, to appear}}

@article{Antognozzi2016,
	author = {M. Antognozzi and C. R. Bermingham and R. L. Harniman and S. Simpson and J. Senior and R. Hayward and H. Hoerber and M. R. Dennis and A. Y. Bekshaev and K. Y. Bliokh and F. Nori},
	date-added = {2019-02-20 06:57:33 +0000},
	date-modified = {2019-02-20 07:00:28 +0000},
	journal = {Nat. Phys.},
	pages = {731},
	title = {Direct measurements of the extraordinary optical momentum and transverse spin-dependent force using a nano-cantilever},
	volume = {12},
	year = {2016}}

@article{Rubano2019,
	author = {A. Rubano and F. Cardano and B. Piccirillo and L. Marrucci},
	date-added = {2019-02-05 06:51:14 +0000},
	date-modified = {2019-07-05 17:38:24 +0000},
	journal = {J. Opt. Soc. Am. B},
	pages = {D70--D87},
	title = {Q-plate technology: a progress review},
	volume = {36},
	year = {2019}}

@article{Maguid2017,
	author = {E. Maguid and I. Yulevich and M. Yannai and V. Kleiner and M. L. Brongersma and E. Hasman},
	date-added = {2019-02-05 06:48:53 +0000},
	date-modified = {2019-02-05 06:59:59 +0000},
	journal = {{Light: Sci. and Appl.}},
	pages = {{e17027}},
	title = {Multifunctional interleaved geometric-phase dielectric metasurfaces},
	volume = {6},
	year = {2017}}

@article{Maguid2016,
	author = {E. Maguid and I. Yulevich and D. Veksler and V. Kleiner and M. L. Brongersma and E. Hasman},
	date-added = {2019-02-05 06:44:56 +0000},
	date-modified = {2019-02-05 06:48:34 +0000},
	journal = {Science},
	pages = {1202-1206},
	title = {Photonic spin-controlled multifunctional shared-aperture antenna array},
	volume = {352},
	year = {2016}}

@article{Xiao2017,
	author = {S. Xiao and J. Wang and F. Liu and S. Zhang and X. Yin and J. Li},
	date-added = {2019-02-05 06:43:08 +0000},
	date-modified = {2019-02-05 06:44:15 +0000},
	journal = {Nanophotonics},
	pages = {215-234},
	title = {Spin-dependent optics with metasurfaces},
	volume = {6},
	year = {2017}}

@article{Chen2016,
	author = {H.-T. Chen and A. J. Taylor and N. Yu},
	date-added = {2019-02-05 06:34:03 +0000},
	date-modified = {2019-02-05 06:35:03 +0000},
	journal = {Rep. Prog. Phys.},
	pages = {076401},
	title = {A review of metasurfaces: physics and applications},
	volume = {79},
	year = {2016}}

@article{Capasso2014,
	author = {N. Yu and F. Capasso},
	date-added = {2019-02-05 06:31:55 +0000},
	date-modified = {2019-02-05 06:32:50 +0000},
	journal = {Nature Materials},
	pages = {139-150},
	title = {Flat optics with designer metasurfaces},
	volume = {13},
	year = {2014}}

@book{LL_ED,
	author = {Landau, L. D. and Lifshitz, E. M. and Pitaevskii, L. P.},
	date-added = {2018-10-25 04:40:31 +0000},
	date-modified = {2022-02-20 14:44:45 +0900},
	publisher = {Pergamon, Oxford},
	title = {Electrodynamics of Continuous Media},
	year = {1984}}

@article{Alpeggiani2018,
	author = {F. Alpeggiani and K. Y. Bliokh and F. Nori and L. Kuipers},
	date-added = {2018-10-25 04:31:25 +0000},
	date-modified = {2018-10-25 04:32:37 +0000},
	journal = {Phys. Rev. Lett.},
	pages = {243605},
	title = {Electromagnetic Helicity in Complex Media},
	volume = {120},
	year = {2018}}

@article{Bliokh2017NJP,
	author = {K. Y. Bliokh and A. Y. Bekshaev and F. Nori},
	date-added = {2018-10-25 04:28:45 +0000},
	date-modified = {2018-10-25 04:42:25 +0000},
	journal = {New J. Phys.},
	pages = {123014},
	title = {{Optical momentum and angular momentum in complex media: from the Abraham--Minkowski debate to unusual properties of surface plasmon-polaritons}},
	volume = {19},
	year = {2017}}

@article{Bliokh2017PRL,
	author = {K. Y. Bliokh and A. Y. Bekshaev and F. Nori},
	date-added = {2018-10-25 04:28:15 +0000},
	date-modified = {2018-10-25 04:42:30 +0000},
	journal = {Phys. Rev. Lett.},
	pages = {073901},
	title = {Optical momentum, spin, and angular momentum in dispersive media},
	volume = {119},
	year = {2017}}

@article{Partanen2018,
	author = {M. Partanen and J. Tulkki},
	date-added = {2018-10-25 02:48:38 +0000},
	date-modified = {2018-10-25 02:49:21 +0000},
	journal = {Phys. Rev. A},
	pages = {033813},
	title = {Mass-polariton theory of sharing the total angular momentum of light between the field and matter},
	volume = {98},
	year = {2018}}

@article{Sheppard2014,
	author = {C. J. R. Sheppard},
	date-added = {2018-10-14 08:36:04 +0000},
	date-modified = {2018-10-14 08:36:42 +0000},
	journal = {Phys. Rev. A},
	pages = {023809},
	title = {{Jones and Stokes parameters for polarization in three dimensions}},
	volume = {90},
	year = {2014}}

@article{Dennis2004,
	author = {M. R. Dennis},
	date-added = {2018-10-14 08:33:29 +0000},
	date-modified = {2018-10-14 08:34:03 +0000},
	journal = {J. Opt. A: Pure Appl. Opt.},
	pages = {S26-S31},
	title = {Geometric interpretation of the three-dimensional coherence matrix for nonparaxial polarization},
	volume = {6},
	year = {2004}}

@article{Carozzi2000,
	author = {T. Carozzi and R. Karlsson and J. Bergman},
	date-added = {2018-10-14 08:31:55 +0000},
	date-modified = {2018-10-14 08:32:49 +0000},
	journal = {Phys. Rev. E},
	pages = {2024-2028},
	title = {Parameters characterizing electromagnetic wave polarization},
	volume = {61},
	year = {2000}}

@article{Setala2002,
	author = {T. Set\"{a}l\"{a} and A. Shevchenko and M. Kaivola and A. T. Friberg},
	date-added = {2018-10-14 08:30:09 +0000},
	date-modified = {2019-02-23 11:25:06 +0000},
	journal = {Phys. Rev. E},
	pages = {016615},
	title = {Degree of polarization for optical near fields},
	volume = {66},
	year = {2002}}

@article{Zhang2015,
	author = {D. Zhang and X. Feng and K. Cui and F. Liu and Y. Huang},
	date-added = {2018-07-11 13:10:15 +0000},
	date-modified = {2018-07-11 13:11:17 +0000},
	journal = {Sci. Rep.},
	pages = {11982},
	title = {{Identifying orbital angular momentum of vectorial vortices with Pancharatnam phase and Stokes parameters}},
	volume = {5},
	year = {2015}}

@article{Opat1991,
	author = {G. I. Opat},
	date-added = {2018-07-10 21:29:06 +0000},
	date-modified = {2018-07-10 21:30:55 +0000},
	journal = {Am. J. Phys.},
	pages = {822-823},
	title = {{The precession of a Foucault pendulum viewed as a beat phenomenon of a conical pendulum subject to a Coriolis force}},
	volume = {59},
	year = {1991}}

@article{Berry1988,
	author = {M. V. Berry},
	date-added = {2018-07-10 21:26:47 +0000},
	date-modified = {2018-07-10 21:28:34 +0000},
	journal = {Scientific American},
	pages = {46-52},
	title = {The geometric phase},
	volume = {December},
	year = {1988}}

@article{Bliokh2009JO,
	author = {K. Y. Bliokh},
	date-added = {2018-07-10 21:20:57 +0000},
	date-modified = {2021-04-28 16:48:41 +0000},
	journal = {J. Opt. A: Pure Appl. Opt.},
	pages = {094009},
	title = {{Geometrodynamics of polarized light: Berry phase and spin Hall effect in a gradient-index medium}},
	volume = {11},
	year = {2009}}

@article{Courtial1998,
	author = {J. Courtial and D. A. Robertson and K. Dholakia and L. Allen and M. J. Padgett},
	date-added = {2018-07-10 21:19:08 +0000},
	date-modified = {2018-07-10 21:20:24 +0000},
	journal = {Phys. Rev. Lett.},
	pages = {4828-4830},
	title = {Rotational Frequency Shift of a Light Beam},
	volume = {81},
	year = {1998}}

@article{Bretenaker1990,
	author = {F. Bretenaker and A. Le Floch},
	date-added = {2018-07-10 21:15:00 +0000},
	date-modified = {2018-07-10 21:16:24 +0000},
	journal = {Phys. Rev. Lett.},
	pages = {2316},
	title = {Energy exchanges between a rotating retardation plate and a laser beam},
	volume = {65},
	year = {1990}}

@article{Garetz1981,
	author = {B. A. Garetz},
	date-added = {2018-07-10 21:12:44 +0000},
	date-modified = {2018-07-10 21:13:31 +0000},
	journal = {J. Opt. Soc. Am.},
	pages = {609-611},
	title = {{Angular Doppler effect}},
	volume = {71},
	year = {1981}}

@article{Mashhoon1988,
	author = {B. Mashhoon},
	date-added = {2018-07-10 21:09:19 +0000},
	date-modified = {2018-07-10 21:10:05 +0000},
	journal = {Phys. Rev. Lett.},
	pages = {2639-2642},
	title = {Neutron Interferometry in a Rotating Frame of Reference},
	volume = {61},
	year = {1988}}

@article{Lipson1990,
	author = {S. G. Lipson},
	date-added = {2018-07-10 21:06:24 +0000},
	date-modified = {2018-07-10 21:07:03 +0000},
	journal = {Opt. Lett.},
	pages = {154-155},
	title = {Berry's phase in optical interferometry: a simple derivation},
	volume = {15},
	year = {1990}}

@article{BerryDennis2001,
	author = {M. V. Berry and M. R. Dennis},
	date-added = {2018-07-10 20:40:34 +0000},
	date-modified = {2020-07-22 16:51:45 +0000},
	journal = {Proc. R. Soc. Lond. A},
	pages = {141},
	title = {Polarization singularities in isotropic random vector waves},
	volume = {457},
	year = {2001}}

@book{BornWolf,
	author = {M. Born and E. Wolf},
	date-added = {2018-07-10 20:39:50 +0000},
	date-modified = {2019-08-04 15:59:20 +0000},
	publisher = {Cambridge University Press},
	title = {{Principles of Optics}},
	year = {1999}}

@incollection{Nye1991,
	author = {J. F. Nye},
	booktitle = {{Sir Charles Frank, OBE: an eightieth birthday tribute}},
	date-added = {2018-07-10 20:35:50 +0000},
	date-modified = {2018-07-10 20:38:50 +0000},
	editor = {R. G. Chambers and J. E. Enderby and A. Keller and A. R. Lang and J. W. Steeds},
	publisher = {Bristol: Adam Hilger},
	title = {Phase gradient and crystal-like geometry in electromagnetic and elastic wave-fields},
	year = {1991}}

@book{Azzam_book,
	author = {R. M. A. Azzam and N. M. Bashara},
	date-added = {2018-07-10 20:29:05 +0000},
	date-modified = {2018-07-10 20:29:39 +0000},
	publisher = {North-Holland},
	title = {Ellipsometry and polarized light},
	year = {1977}}

@article{Nye1987,
	author = {J. F. Nye and J. V. Hajnal},
	date-added = {2018-07-10 20:23:31 +0000},
	date-modified = {2018-07-10 20:24:26 +0000},
	journal = {Proc. Roy. Soc. Lond. A},
	pages = {21-36},
	title = {The wave structure of monochromatic electromagnetic radiation},
	volume = {409},
	year = {1987}}

@article{Nye1983,
	author = {J. F. Nye},
	date-added = {2018-07-10 20:22:49 +0000},
	date-modified = {2018-07-10 20:24:37 +0000},
	journal = {Proc. Roy. Soc. Lond. A},
	pages = {279-290},
	title = {Lines of circular polarization in electromagnetic wave fields},
	volume = {389},
	year = {1983}}

@article{Berry2013,
	author = {M. V. Berry},
	date-added = {2018-07-10 17:05:34 +0000},
	date-modified = {2018-07-10 17:06:34 +0000},
	journal = {Eur. J. Phys.},
	pages = {1337-1348},
	title = {Five momenta},
	volume = {34},
	year = {2013}}

@article{Berry2009,
	author = {M. V. Berry},
	date-added = {2018-07-10 17:01:22 +0000},
	date-modified = {2018-07-10 17:04:56 +0000},
	journal = {J. Opt. A: Pure Appl. Opt.},
	pages = {094001},
	title = {Optical currents},
	volume = {11},
	year = {2009}}

@article{Bliokh2011,
	author = {K. Y. Bliokh and E. A. Ostrovskaya and M. A. Alonso and O. G. Rodr\'iguez-Herrera and D. Lara and C. Dainty},
	date-added = {2018-07-10 16:48:56 +0000},
	date-modified = {2018-07-10 16:50:47 +0000},
	journal = {Opt. Express},
	pages = {26132-26149},
	title = {Spin-to-orbital angular momentum conversion in focusing, scattering, and imaging systems},
	volume = {19},
	year = {2011}}

@article{Picardi2018,
	author = {M. F. Picardi and K. Y. Bliokh and F. J. Rodr{\'\i}guez-Fortu{\~n}o and F. Alpeggiani and F. Nori},
	date-added = {2018-07-10 12:37:26 +0000},
	date-modified = {2018-10-11 10:00:35 +0000},
	journal = {Optica},
	pages = {1016-1026},
	title = {Angular momenta, helicity, and other properties of dielectric-fiber and metallic-wire modes},
	volume = {5},
	year = {2018}}

@article{Kreismann2017,
	author = {J. Kreismann and M. Hentschel},
	date-added = {2018-07-10 12:36:32 +0000},
	date-modified = {2019-03-10 05:24:50 +0000},
	journal = {EPL},
	pages = {24001},
	title = {{The optical M\"obius strip cavity: Tailoring geometric phases and far fields}},
	volume = {121},
	year = {2018}}

@article{Berry1984,
	author = {M. V. Berry},
	date-added = {2018-07-10 12:24:08 +0000},
	date-modified = {2018-07-10 12:24:53 +0000},
	journal = {Proc. Roy. Soc. Lond. A},
	pages = {45-57},
	title = {Quantal Phase Factors Accompanying Adiabatic Changes},
	volume = {392},
	year = {1984}}

@article{Berry1987_II,
	author = {M. V. Berry},
	date-added = {2018-07-10 12:19:49 +0000},
	date-modified = {2018-07-10 12:21:15 +0000},
	journal = {Nature},
	pages = {277-278},
	title = {{Interpreting the anholonomy of coiled light}},
	volume = {326},
	year = {1987}}

@article{Tomita1986,
	author = {A. Tomita and R. Y. Chiao},
	date-added = {2018-07-10 12:18:00 +0000},
	date-modified = {2018-07-10 12:19:04 +0000},
	journal = {Phys. Rev. Lett.},
	pages = {937-940},
	title = {{Observation of Berry's topological phase by use of an optical fiber}},
	volume = {57},
	year = {1986}}

@article{Chiao1986,
	author = {R. Y. Chiao and Y. S. Wu},
	date-added = {2018-07-10 12:16:03 +0000},
	date-modified = {2018-07-10 12:17:42 +0000},
	journal = {Phys. Rev. Lett.},
	pages = {933-936},
	title = {{Manifestations of Berry's topological phase for the Photon}},
	volume = {57},
	year = {1986}}

@article{Ross1984,
	author = {J. N. Ross},
	date-added = {2018-07-10 12:13:10 +0000},
	date-modified = {2018-07-10 12:15:29 +0000},
	journal = {Opt. Quantum Electron.},
	pages = {455-461},
	title = {The rotation of the polarization in low birefringence monomode optical fibres due to geometric effects},
	volume = {16},
	year = {1984}}

@article{Vladimirskii,
	author = {V. V. Vladimirskii},
	date-added = {2018-07-10 12:11:39 +0000},
	date-modified = {2018-07-10 12:12:44 +0000},
	journal = {Dokl. Akad. Nauk SSSR},
	pages = {222},
	title = {The rotation of polarization plane for curved light ray},
	volume = {21},
	year = {1941}}

@article{Rytov,
	author = {S.M. Rytov},
	date-added = {2018-07-10 12:09:17 +0000},
	date-modified = {2018-07-10 12:11:35 +0000},
	journal = {Dokl. Akad. Nauk SSSR},
	pages = {263},
	title = {Transition from wave to geometrical optics},
	volume = {18},
	year = {1938}}

@article{Simon1988,
	author = {R. Simon and H. J. Kimble and E. C. G. Sudarshan},
	date-added = {2018-07-10 12:06:50 +0000},
	date-modified = {2019-03-03 08:03:29 +0000},
	journal = {Phys. Rev. Lett.},
	pages = {19-22},
	title = {Evolving Geometric Phase and Its Dynamical Manifestation as a Frequency Shift: An Optical Experiment},
	volume = {61},
	year = {1988}}

@article{Bhandary1988,
	author = {R. Bhandari and J. Samuel},
	date-added = {2018-07-10 12:04:09 +0000},
	date-modified = {2018-07-10 12:06:24 +0000},
	journal = {Phys. Rev. Lett.},
	pages = {1211-1213},
	title = {Observation of topological phase by use of a laser interferometer},
	volume = {60},
	year = {1988}}

@article{Berry1987,
	author = {M. V. Berry},
	date-added = {2018-07-10 12:02:32 +0000},
	date-modified = {2019-03-03 07:59:09 +0000},
	journal = {J. Mod. Opt.},
	pages = {1401-1407},
	title = {{The adiabatic phase and Pancharatnam's phase for polarized light}},
	volume = {34},
	year = {1987}}

@article{Pancharatnam,
	author = {S. Pancharatnam},
	date-added = {2018-07-10 12:01:01 +0000},
	date-modified = {2018-07-10 12:02:23 +0000},
	journal = {Proc. Indian Acad. Sci. A},
	pages = {247-262},
	title = {Generalized theory of interference, and its applications},
	volume = {44},
	year = {1956}}

@article{Galvez2017,
	author = {E. J. Galvez and I. Dutta and K. Beach and J. J. Zeosky and J. A. Jones and B. Khajavi},
	date-added = {2018-07-10 11:56:17 +0000},
	date-modified = {2018-07-10 11:57:50 +0000},
	journal = {Sci. Rep.},
	pages = {13653},
	title = {{Multitwist M{\"o}bius strips and twisted ribbons in the polarization of paraxial light beams}},
	volume = {7},
	year = {2017}}

@article{Zayats2005,
	author = {A. V. Zayats and I. I. Smolyaninov and A. A. Maradudin},
	date-added = {2018-07-09 13:33:39 +0000},
	date-modified = {2018-07-09 13:33:39 +0000},
	journal = {Phys. Rep.},
	pages = {131-314},
	title = {Nano-optics of surface plasmon polaritons},
	volume = {408},
	year = {2005}}

@article{Bhandary1989,
	author = {R. Bhandari},
	date-added = {2018-07-09 13:29:55 +0000},
	date-modified = {2018-07-09 13:31:02 +0000},
	journal = {Phys. Lett. A},
	pages = {240-244},
	title = {Geometric phase in an arbitrary evolution of a light beam},
	volume = {135},
	year = {1989}}

@article{Khanna1997,
	author = {G. Khanna and S. Mukhopadhyay and R. Simon and N. Mukunda},
	date-added = {2018-07-09 13:25:20 +0000},
	date-modified = {2018-07-09 13:27:47 +0000},
	journal = {Ann. Phys.},
	pages = {55-82},
	title = {{Geometric phases for SU(3) representations and three level quantum systems}},
	volume = {253},
	year = {1997}}

@article{Bouchiat1988,
	author = {C. Bouchiat and G. W. Gibbons},
	date-added = {2018-07-09 13:23:04 +0000},
	date-modified = {2018-07-09 13:24:03 +0000},
	journal = {J. Phys. France},
	pages = {187-199},
	title = {{Non-integrable quantum phase in the evolution of a spin-1 system: a physical consequence of the non-trivial topology of the quantum state-space}},
	volume = {49},
	year = {1988}}

@article{Hannay1998_II,
	author = {J. H. Hannay},
	date-added = {2018-07-09 13:20:26 +0000},
	date-modified = {2018-07-09 13:21:21 +0000},
	journal = {J. Phys. A: Math. Gen.},
	pages = {L53-L59},
	title = {{The Berry phase for spin in the Majorana representation}},
	volume = {31},
	year = {1998}}

@article{Hannay1998,
	author = {J. H. Hannay},
	date-added = {2018-07-09 13:12:15 +0000},
	date-modified = {2018-07-09 13:12:59 +0000},
	journal = {J. Mod. Opt.},
	pages = {1001-1008},
	title = {{The Majorana representation of polarization, and the Berry phase of light}},
	volume = {45},
	year = {1998}}

@article{Bliokh2010,
	author = {K. Y. Bliokh and M. A. Alonso and E. A. Ostrovskaya and A. Aiello},
	date-added = {2018-07-09 11:54:05 +0000},
	date-modified = {2018-07-09 11:54:15 +0000},
	journal = {Phys. Rev. A},
	pages = {063825},
	title = {Angular momenta and spin-orbit interaction of nonparaxial light in free space},
	volume = {82},
	year = {2010}}

@article{Freund2010,
	author = {I. Freund},
	date-added = {2018-07-09 11:52:13 +0000},
	date-modified = {2018-07-09 11:53:07 +0000},
	journal = {Opt. Commun.},
	pages = {1-15},
	title = {{Optical M{\"o}bius strips in three-dimensional ellipse fields: I. Lines of circular polarization}},
	volume = {283},
	year = {2010}}

@article{Bauer2015,
	author = {T. Bauer and P. Banzer and E. Karimi and S. Orlov and A. Rubano and L. Marrucci and E. Santamato and R. W. Boyd and G. Leuchs},
	date-added = {2018-07-09 11:45:20 +0000},
	date-modified = {2018-07-09 11:47:26 +0000},
	journal = {Science},
	pages = {964-966},
	title = {{Observation of optical polarization M{\"o}bius strips}},
	volume = {347},
	year = {2015}}

@article{Dennis2010,
	author = {M. R. Dennis and R. P. King and B. Jack and K. O'Holleran and M. J. Padgett},
	date-added = {2018-07-09 11:39:54 +0000},
	date-modified = {2020-07-13 11:50:26 +0000},
	journal = {Nat. Phys.},
	pages = {118},
	title = {{Isolated optical vortex knots}},
	volume = {6},
	year = {2010}}

@article{Leach2004,
	author = {J. Leach and M. R. Dennis and J. Courtial and M. J. Padgett},
	date-added = {2018-07-09 11:39:24 +0000},
	date-modified = {2020-07-13 11:49:48 +0000},
	journal = {Nature},
	pages = {165},
	title = {{Laser beams: knotted threads of darkness}},
	volume = {432},
	year = {2004}}

@article{Bliokh2015PR,
	author = {K. Y. Bliokh and F. Nori},
	date-added = {2018-07-09 11:34:16 +0000},
	date-modified = {2018-07-09 11:34:16 +0000},
	journal = {Phys. Rep.},
	pages = {1-38},
	title = {Transverse and longitudinal angular momenta of light},
	volume = {592},
	year = {2015}}

@article{Bliokh2015NP,
	author = {K. Y. Bliokh and F. J. Rodr{\'\i}guez-Fortu{\~n}o and F. Nori and A. V. Zayats},
	date-added = {2018-07-09 11:32:42 +0000},
	date-modified = {2019-03-04 10:19:32 +0000},
	journal = {Nat. Photon.},
	pages = {796-808},
	title = {Spin-orbit interactions of light},
	volume = {9},
	year = {2015}}

@article{Marrucci2011,
	author = {L. Marrucci and E. Karimi and S. Slussarenko and B. Piccirillo and E. Santamato and E. Nagali and F. Sciarrino},
	date-added = {2018-07-09 11:32:17 +0000},
	date-modified = {2018-07-09 11:32:17 +0000},
	journal = {J. Opt.},
	pages = {064001},
	title = {Spin-to-orbital conversion of the angular momentum of light and its classical and quantum applications},
	volume = {13},
	year = {2011}}

@article{Hasman2005,
	author = {E. Hasman and G. Biener and A. Niv and V. Kleiner},
	date-added = {2018-07-09 11:31:41 +0000},
	date-modified = {2018-07-09 11:31:41 +0000},
	journal = {Prog. Opt.},
	pages = {215-289},
	title = {Space-variant polarization manipulation},
	volume = {47},
	year = {2005}}

@book{Nye_book,
	author = {J. Nye},
	date-added = {2018-07-09 11:29:10 +0000},
	date-modified = {2018-07-09 11:30:22 +0000},
	publisher = {{IOP} Publishing},
	title = {Natural focusing and fine structure of light},
	year = {1999}}

@book{Andrews_book,
	date-added = {2018-07-09 11:26:05 +0000},
	date-modified = {2018-07-09 11:26:18 +0000},
	editor = {D. L. Andrews and M. Babiker},
	publisher = {Cambridge University Press},
	title = {{The Angular Momentum of Light}},
	year = {2012}}

@book{Allen_book,
	date-added = {2018-07-09 11:24:25 +0000},
	date-modified = {2022-09-11 18:35:56 +0200},
	editor = {L. Allen and S. M. Barnett and M. J. Padgett},
	publisher = {{IoP} Publishing, Bristol},
	title = {Optical Angular Momentum},
	year = {2003}}

@article{Dennis2009,
	author = {M. R. Dennis and K. O'Holleran and M. J. Padgett},
	date-added = {2018-07-09 11:23:24 +0000},
	date-modified = {2018-07-09 11:23:24 +0000},
	journal = {Prog. Opt.},
	pages = {293-363},
	title = {Singular Optics: Optical Vortices and Polarization Singularities},
	volume = {53},
	year = {2009}}

@article{Soskin2001,
	author = {M. S. Soskin and M. V. Vasnetsov},
	date-added = {2018-07-09 11:22:48 +0000},
	date-modified = {2018-07-09 11:22:48 +0000},
	journal = {Prog. Opt.},
	pages = {219-276},
	title = {Singular optics},
	volume = {42},
	year = {2001}}

@book{Shapere_book,
	date-added = {2018-07-09 10:39:49 +0000},
	date-modified = {2018-07-09 11:19:00 +0000},
	editor = {Shapere, A. and Wilczek, F.},
	publisher = {World Scientific},
	title = {Geometric Phases in Physics},
	year = {1989}}

@article{Vinitskii1990,
	author = {Vinitskii, S. I. and Derbov, V. L. and Dubovik, V. M. and Markovski, B. L. and Stepanovskii, Y. P.},
	date-added = {2018-07-09 10:36:24 +0000},
	date-modified = {2018-07-09 11:19:21 +0000},
	journal = {Sov. Phys. Usp.},
	pages = {403-428},
	title = {Topological phases in quantum mechanics and polarization optics},
	volume = {33},
	year = {1990}}

@article{Bhandari1997,
	author = {R. Bhandari},
	date-added = {2018-07-09 10:29:15 +0000},
	date-modified = {2018-07-09 10:53:20 +0000},
	journal = {Phys. Rep.},
	pages = {1--64},
	title = {Polarization of light and topological phases},
	volume = {281},
	year = {1997}}

@article{Bliokh2008,
	author = {Bliokh, K. Y. and Gorodetski, Y. and Kleiner, V. and Hasman, E.},
	date-added = {2018-07-09 10:23:52 +0000},
	date-modified = {2018-07-09 11:18:34 +0000},
	journal = {Phys. Rev. Lett.},
	number = {3},
	pages = {030404},
	publisher = {APS},
	title = {{Coriolis effect in optics: unified geometric phase and spin-Hall effect}},
	volume = {101},
	year = {2008}}

@article{Bjork2015,
	author = {G. Bj\"ork and A. B. Klimov and P. de la Hoz and M. Grassl and G. Leuchs and L. L. S\'anchez-Soto},
	date-added = {2018-07-09 11:31:41 +0000},
	date-modified = {2019-08-04 17:02:22 +0000},
	journal = {Phys. Rev. A},
	pages = {031801(R)},
	title = {{Extremal quantum states and their Majorana constellations}},
	volume = {92},
	year = {2015}}

@article{GutierrezAlonso,
	author = {R. Guti\'errez-Cuevas and M. A. Alonso},
	date-added = {2018-07-09 11:31:41 +0000},
	date-modified = {2018-07-09 11:31:41 +0000},
	journal = {arXiv:1901.06987},
	title = {{Modal Majorana sphere and hidden symmetries of structured-Gaussian beams}},
	year = {2019}}

@article{GutierrezDennisAlonso,
	author = {R. Guti\'errez-Cuevas and M. R. Dennis and M. A. Alonso},
	date-added = {2018-07-09 11:31:41 +0000},
	date-modified = {2018-07-09 11:31:41 +0000},
	journal = {J. Opt.},
	pages = {084001},
	title = {{Generalized Gaussian beams in terms of Jones vectors}},
	volume = {21},
	year = {2019}}

@article{Nechayev2018,
	author = {S. Nechayev and M. Neugebauer and M. Vorndran and G. Leuchs and P. Banzer},
	date-added = {2018-07-09 11:31:41 +0000},
	date-modified = {2018-07-09 11:31:41 +0000},
	journal = {Phys. Rev. Lett.},
	pages = {243903},
	title = {Weak Measurement of Elliptical Dipole Moments by {C}-Point Splitting},
	volume = {121},
	year = {2018}}

@article{Laroque2018,
	author = {H. Larocque and D. Sugic and D. Mortimer and A. J. Taylor and R. Fickler and R. W. Boyd and M. R. Dennis and E. Karimi},
	date-modified = {2020-07-13 11:51:04 +0000},
	journal = {Nat. Phys.},
	pages = {1079},
	title = {Reconstructing the topology of optical polarization knots},
	volume = {14},
	year = {2018}}

@article{Maucher2019,
	author = {F. Maucher and S. Skupin and S. A. Gardiner and I. G. Hughes},
	journal = {New J. Phys.},
	pages = {013032},
	title = {An intuitive approach to structuring the three electric field components of light},
	volume = {21},
	year = {2019}}

@article{mrd2002,
	author = {M. R. Dennis},
	date-modified = {2019-08-04 15:27:09 +0000},
	journal = {Opt. Commun.},
	pages = {201--221},
	title = {Polarization singularities in paraxial vector fields: morphology and statistics},
	volume = {213},
	year = {2002}}

@article{bd2003,
	author = {M. V. Berry and M. R. Dennis},
	journal = {Proc. R. Soc. Lond. A},
	pages = {1261--1292},
	title = {The optical singularities of birefringent dichroic chiral crystals},
	volume = {459},
	year = {2003}}

@article{fsmd2005,
	author = {F. Flossmann and U. T. Schwarz and M Maier and M. R. Dennis},
	journal = {Phys. Rev. Lett.},
	pages = {253901},
	title = {Polarization singularities from unfolding an optical vortex through a birefringent crystal},
	volume = {95},
	year = {2005}}

@article{mrd2004,
	author = {M. R. Dennis},
	date-modified = {2019-08-04 17:03:32 +0000},
	journal = {J. Phys. A: Math. Gen.},
	pages = {9487-9500},
	title = {{Canonical representation of spherical functions: Sylvester's theorem, Maxwell's multipoles and Majorana's sphere}},
	volume = {37},
	year = {2004}}

@article{fodp2008,
	author = {F. Flossmann and K. O'Holleran and M. R. Dennis and M. J. Padgett},
	date-modified = {2019-08-04 15:29:03 +0000},
	journal = {Phys. Rev. Lett.},
	pages = {203902},
	title = {{Polarization singularities in 2D and 3D speckle fields}},
	volume = {100},
	year = {2008}}

@article{FSM2002,
	author = {I. Freund and M. S. Soskin and A. I. Mokhun},
	date-modified = {2019-08-04 15:27:43 +0000},
	journal = {Opt. Commun.},
	pages = {223--253},
	title = {Elliptic critical points in paraxial optical fields},
	volume = {208},
	year = {2002}}

@article{SDF2003,
	author = {M. S. Soskin and V. Denisenko and I. Freund},
	journal = {Opt. Lett.},
	pages = {1475--1477},
	title = {Optical polarization singularities and elliptic stationary points},
	volume = {28},
	year = {2003}}

@article{FMSAM2002,
	author = {I. Freund and A. I. Mokhun and M. S. Soskin and O. V. Angelsky and I. I. Mokhun},
	journal = {Opt. Lett.},
	pages = {545--547},
	title = {Stokes singularity relations},
	volume = {27},
	year = {2002}}

@article{Freund2001,
	author = {I. Freund},
	journal = {Opt. Lett.},
	pages = {1996--1998},
	title = {Poincare vortices},
	volume = {26},
	year = {2001}}

@article{SDE2004,
	author = {M. Soskin and V. Denisenko and R. Egorov},
	journal = {J. Opt. A: Pure Appl. Opt.},
	pages = {S281--S287},
	title = {Topological networks of paraxial ellipse speckle fields},
	volume = {6},
	year = {2004}}

@article{IBB2004,
	author = {I. Bialynicki-Birula},
	journal = {J. Opt. A: Pure Appl. Opt.},
	pages = {S181--S183},
	title = {{Electromagnetic vortex lines riding atop null solutions of the Maxwell equations}},
	volume = {6},
	year = {2004}}

@article{Kaiser2004,
	author = {G. Kaiser},
	date-modified = {2019-08-04 16:23:45 +0000},
	journal = {J. Opt. A: Pure Appl. Opt.},
	pages = {S243--S245},
	title = {{Helicity, polarization and Riemann-Silberstein vortices}},
	volume = {6},
	year = {2004}}

@book{PenroseRindler1,
	editor = {R. Penrose and W. Rindler},
	publisher = {Cambridge University Press},
	title = {Spinors and space-time},
	volume = {1},
	year = {1984}}

@book{PenroseRindler2,
	editor = {R. Penrose and W. Rindler},
	publisher = {Cambridge University Press},
	title = {Spinors and space-time},
	volume = {2},
	year = {1986}}

@book{Penrosemind,
	author = {R. Penrose},
	date-modified = {2019-08-04 17:10:16 +0000},
	publisher = {Oxford University Press},
	title = {{The Emperor's New Mind: Concerning Computers, Minds and The Laws of Physics}},
	year = {1989}}

@book{mrdthesis,
	editor = {M. R. Dennis},
	publisher = {Ph.D. thesis, Univeristy of Bristol},
	title = {Topological singularities in wave fields},
	year = {2001}}
