@article{BarreraEsteve2006NumericalMF,
  title={Numerical Methods for the Pricing of Swing Options: A Stochastic Control Approach},
  author={Christophe Barrera-Esteve and Florent Bergeret and Charles Dossal and Emmanuel Gobet and Asma Meziou and R{\'e}mi Munos and Damien Reboul-Salze},
  journal={Methodology and Computing in Applied Probability},
  year={2006},
  volume={8},
  pages={517-540}
}

@article{Baydin2015AutomaticDI,
  title={Automatic differentiation in machine learning: a survey},
  author={Atilim Gunes Baydin and Barak A. Pearlmutter and Alexey Radul and Jeffrey Mark Siskind},
  journal={J. Mach. Learn. Res.},
  year={2015},
  volume={18},
  pages={153:1-153:43}
}

@article{Bardou2009OptimalQF,
  title={Optimal Quantization for the Pricing of Swing Options},
  author={Olivier Bardou and Sandrine Bouthemy and Gilles Pag{\`e}s},
  journal={Applied Mathematical Finance},
  year={2009},
  volume={16},
  pages={183 - 217}
}

@inproceedings{Dauphin2014IdentifyingAA,
  title={Identifying and attacking the saddle point problem in high-dimensional non-convex optimization},
  author={Yann Dauphin and Razvan Pascanu and Çaglar G{\"u}lçehre and Kyunghyun Cho and Surya Ganguli and Yoshua Bengio},
  booktitle={NIPS},
  year={2014}
}

@inproceedings{Paszke2017AutomaticDI,
  title={Automatic differentiation in PyTorch},
  author={Adam Paszke and Sam Gross and Soumith Chintala and Gregory Chanan and Edward Yang and Zach DeVito and Zeming Lin and Alban Desmaison and Luca Antiga and Adam Lerer},
  year={2017}
}

@inproceedings{Bertsekas2007StochasticOC,
  title={Stochastic optimal control : the discrete time case},
  author={Dimitri P. Bertsekas and Steven E. Shreve},
  year={2007}
}

@article{Longstaff2001ValuingAO,
  title={Valuing American Options by Simulation: A Simple Least-Squares Approach},
  author={Francis A. Longstaff and Eduardo S. Schwartz},
  journal={The Finance},
  year={2001}
}

@article{Kingma2015AdamAM,
  title={Adam: A Method for Stochastic Optimization},
  author={Diederik P. Kingma and Jimmy Ba},
  journal={CoRR},
  year={2015},
  volume={abs/1412.6980}
}

@article{Robbins2007ASA,
  title={A Stochastic Approximation Method},
  author={Herbert E. Robbins},
  journal={Annals of Mathematical Statistics},
  year={2007},
  volume={22},
  pages={400-407}
}

@inproceedings{Kushner2003StochasticAA,
  title={Stochastic Approximation and Recursive Algorithms and Applications},
  author={Harold J. Kushner and George Yin},
  year={2003}
}

@article{Bardou2007WhenAS,
  title={When are Swing options bang-bang and how to use it},
  author={Olivier Bardou and Sandrine Bouthemy and Gilles Pag{\`e}s},
  journal={arXiv: Probability},
  year={2007}
}

%\nocite{*}
@inproceedings{Pags2018NumericalPA,
  title={Numerical Probability: An Introduction with Applications to Finance},
  author={Gilles Pag{\`e}s},
  year={2018}
}

%\nocite{*}
@article{Goodfellow2015DeepL,
  title={Deep Learning},
  author={Ian J. Goodfellow and Yoshua Bengio and Aaron C. Courville},
  journal={Nature},
  year={2015},
  volume={521},
  pages={436-444}
}

@article{Han2016DeepLA,
  title={Deep Learning Approximation for Stochastic Control Problems},
  author={Jiequn Han and E Weinan},
  journal={ArXiv},
  year={2016},
  volume={abs/1611.07422}
}

@article{Hornik1989MultilayerFN,
  title={Multilayer feedforward networks are universal approximators},
  author={Kurt Hornik and Maxwell B. Stinchcombe and Halbert L. White},
  journal={Neural Networks},
  year={1989},
  volume={2},
  pages={359-366}
}

@article{Baydin2017AutomaticDI,
  title={Automatic differentiation in machine learning: a survey},
  author={Atilim Gunes Baydin and Barak A. Pearlmutter and Alexey Radul and Jeffrey Mark Siskind},
  journal={J. Mach. Learn. Res.},
  year={2017},
  volume={18},
  pages={153:1-153:43}
}


@article{Pan2010ASO,
  title={A Survey on Transfer Learning},
  author={Sinno Jialin Pan and Qiang Yang},
  journal={IEEE Transactions on Knowledge and Data Engineering},
  year={2010},
  volume={22},
  pages={1345-1359}
}

@inproceedings{Li2016PreconditionedSG,
  title={Preconditioned Stochastic Gradient Langevin Dynamics for Deep Neural Networks},
  author={Chunyuan Li and Changyou Chen and David Edwin Carlson and Lawrence Carin},
  booktitle={AAAI},
  year={2016}
}

@article{Jaillet2004ValuationOC,
  title={Valuation of Commodity-Based Swing Options},
  author={Patrick Jaillet and Ehud I. Ronn and Stathis Tompaidis},
  journal={Manag. Sci.},
  year={2004},
  volume={50},
  pages={909-921}
}

@inproceedings{Welling2011BayesianLV,
  title={Bayesian Learning via Stochastic Gradient Langevin Dynamics},
  author={Max Welling and Yee Whye Teh},
  booktitle={International Conference on Machine Learning},
  year={2011}
}

@inproceedings{Li2015PreconditionedSG,
  title={Preconditioned Stochastic Gradient Langevin Dynamics for Deep Neural Networks},
  author={Chunyuan Li and Changyou Chen and David Edwin Carlson and Lawrence Carin},
  booktitle={AAAI Conference on Artificial Intelligence},
  year={2015}
}

@inproceedings{LariLavassani2002ADV,
  title={A DISCRETE VALUATION OF SWING OPTIONS},
  author={Ali Lari-Lavassani and Mohamadreza Simchi},
  year={2002}
}

@article{Thompson1995ValuationOP,
  title={Valuation of Path-Dependent Contingent Claims with Multiple Exercise Decisions over Time: The Case of Take-or-Pay},
  author={Andrew Carl Thompson},
  journal={Journal of Financial and Quantitative Analysis},
  year={1995},
  volume={30},
  pages={271 - 293}
}

@article{Rogers2002MonteCV,
  title={Monte Carlo valuation of American options},
  author={L. C. G. Rogers},
  journal={Mathematical Finance},
  year={2002},
  volume={12}
}

@article{Jaillet1990VariationalIA,
  title={Variational inequalities and the pricing of American options},
  author={Patrick Jaillet and Damien Lamberton and Bernard Lapeyre},
  journal={Acta Applicandae Mathematica},
  year={1990},
  volume={21},
  pages={263-289}
}

@article{Broadie2004ASM,
  title={A Sotchastic Mesh Method for Pricing High-Dimensional American Options},
  author={Mark Broadie and Paul Glasserman},
  journal={Journal of Computational Finance},
  year={2004},
  volume={7},
  pages={35-72}
}




@inproceedings{Pags2004OptimalQM,
  title={Optimal quantization methods and applications to numerical problems in finance},
  author={Gilles Pag{\`e}s and Huy{\^e}n Pham and Jacques Printems},
  year={2004}
}

@article{GobetMunos,
author = {Gobet, Emmanuel and Munos, Remi},
year = {2005},
month = {01},
pages = {1676-1713},
title = {Sensitivity Analysis Using Itô--Malliavin Calculus and Martingales, and Application to Stochastic Optimal Control},
volume = {43},
journal = {SIAM J. Control and Optimization},
doi = {10.1137/S0363012902419059}
}

@article{Dai2021StateCS,
  title={State Constrained Stochastic Optimal Control Using LSTMs},
  author={Bolun Dai and Prashanth Krishnamurthy and Andrew Papanicolaou and Farshad Khorrami},
  journal={2021 American Control Conference (ACC)},
  year={2021},
  pages={1294-1299}
}

@article{Bachouch2021DeepNN,
  title={Deep Neural Networks Algorithms for Stochastic Control Problems on Finite Horizon: Numerical Applications},
  author={Achref Bachouch and C{\^o}me Hur{\'e} and Nicolas Langren{\'e} and Huy{\^e}n Pham},
  journal={Methodology and Computing in Applied Probability},
  year={2021},
  volume={24},
  pages={143 - 178}
}

@inproceedings{Rumelhart1986LearningIR,
  title={Learning internal representations by error propagation},
  author={David E. Rumelhart and Geoffrey E. Hinton and Ronald J. Williams},
  year={1986}
}

@inproceedings{Robbins1971ACT,
  title={A CONVERGENCE THEOREM FOR NON NEGATIVE ALMOST SUPERMARTINGALES AND SOME APPLICATIONS**Research supported by NIH Grant 5-R01-GM-16895-03 and ONR Grant N00014-67-A-0108-0018.},
  author={Herbert E. Robbins and David O. Siegmund},
  year={1971}
}

@inproceedings{EonBottou1998OnlineLA,
  title={Online Learning and Stochastic Approximations},
  author={L Eon Bottou},
  year={1998}
}

@article{sgdSaddlePoints,
  author    = {Ziyin Liu and
               Botao Li and
               Masahito Ueda},
  title     = {{SGD} May Never Escape Saddle Points},
  journal   = {CoRR},
  volume    = {abs/2107.11774},
  year      = {2021},
  url       = {https://arxiv.org/abs/2107.11774},
  eprinttype = {arXiv},
  eprint    = {2107.11774},
  timestamp = {Thu, 29 Jul 2021 16:14:15 +0200},
  biburl    = {https://dblp.org/rec/journals/corr/abs-2107-11774.bib},
  bibsource = {dblp computer science bibliography, https://dblp.org}
}


@article{Defossez2020ASC,
title={A Simple Convergence Proof of Adam and Adagrad},
author={Alexandre D{\'e}fossez and Leon Bottou and Francis Bach and Nicolas Usunier},
journal={Transactions on Machine Learning Research},
issn={2835-8856},
year={2022},
url={https://openreview.net/forum?id=ZPQhzTSWA7},
note={}
}

@article{Zou2018ASC,
  title={A Sufficient Condition for Convergences of Adam and RMSProp},
  author={Fangyu Zou and Li Shen and Zequn Jie and Weizhong Zhang and Wei Liu},
  journal={2019 IEEE/CVF Conference on Computer Vision and Pattern Recognition (CVPR)},
  year={2018},
  pages={11119-11127}
}


@article{sgdMoment,
author = {Qian, Ning},
year = {1999},
month = {02},
pages = {145-151},
title = {On the momentum term in gradient descent learning algorithms},
volume = {12},
journal = {Neural networks : the official journal of the International Neural Network Society},
doi = {10.1016/S0893-6080(98)00116-6}
}

@misc{Luo,
  doi = {10.48550/ARXIV.1902.09843},
  
  url = {https://arxiv.org/abs/1902.09843},
  
  author = {Luo, Liangchen and Xiong, Yuanhao and Liu, Yan and Sun, Xu},
  
  keywords = {Machine Learning (cs.LG), Machine Learning (stat.ML), FOS: Computer and information sciences, FOS: Computer and information sciences},
  
  title = {Adaptive Gradient Methods with Dynamic Bound of Learning Rate},
  
  publisher = {arXiv},
  
  year = {2019},
  
  copyright = {arXiv.org perpetual, non-exclusive license}
}

@misc{Wilson,
  doi = {10.48550/ARXIV.1705.08292},
  
  url = {https://arxiv.org/abs/1705.08292},
  
  author = {Wilson, Ashia C. and Roelofs, Rebecca and Stern, Mitchell and Srebro, Nathan and Recht, Benjamin},
  
  keywords = {Machine Learning (stat.ML), Machine Learning (cs.LG), FOS: Computer and information sciences, FOS: Computer and information sciences},
  
  title = {The Marginal Value of Adaptive Gradient Methods in Machine Learning},
  
  publisher = {arXiv},
  
  year = {2017},
  
  copyright = {arXiv.org perpetual, non-exclusive license}
}



@misc{addgaussnoise,
  doi = {10.48550/ARXIV.1511.06807},
  
  url = {https://arxiv.org/abs/1511.06807},
  
  author = {Neelakantan, Arvind and Vilnis, Luke and Le, Quoc V. and Sutskever, Ilya and Kaiser, Lukasz and Kurach, Karol and Martens, James},
  
  keywords = {Machine Learning (stat.ML), Machine Learning (cs.LG), FOS: Computer and information sciences, FOS: Computer and information sciences},
  
  title = {Adding Gradient Noise Improves Learning for Very Deep Networks},
  
  publisher = {arXiv},
  
  year = {2015},
  
  copyright = {arXiv.org perpetual, non-exclusive license}
}

@inproceedings{Dalalyan2017FurtherAS,
  title={Further and stronger analogy between sampling and optimization: Langevin Monte Carlo and gradient descent},
  author={Arnak S. Dalalyan},
  booktitle={Annual Conference Computational Learning Theory},
  year={2017}
}

@article{Dalalyan2014TheoreticalGF,
  title={Theoretical guarantees for approximate sampling from smooth and log‐concave densities},
  author={Arnak S. Dalalyan},
  journal={Journal of the Royal Statistical Society: Series B (Statistical Methodology)},
  year={2014},
  volume={79}
}

@ARTICLE{PierreLangevin,
       author = {{Bras}, Pierre and {Pag{\`e}s}, Gilles},
        title = "{Langevin algorithms for Markovian Neural Networks and Deep Stochastic control}",
      journal = {arXiv e-prints},
     keywords = {Quantitative Finance - Computational Finance, Computer Science - Machine Learning, Mathematics - Optimization and Control, Statistics - Machine Learning},
         year = 2022,
        month = dec,
          eid = {arXiv:2212.12018},
        pages = {arXiv:2212.12018},
          doi = {10.48550/arXiv.2212.12018},
archivePrefix = {arXiv},
       eprint = {2212.12018},
 primaryClass = {q-fin.CP},
       adsurl = {https://ui.adsabs.harvard.edu/abs/2022arXiv221212018B},
      adsnote = {Provided by the SAO/NASA Astrophysics Data System}
}

@article{Jospin_2022,
	doi = {10.1109/mci.2022.3155327},
	url = {https://doi.org/10.1109%2Fmci.2022.3155327},
	year = 2022,
	month = {may},
	publisher = {Institute of Electrical and Electronics Engineers ({IEEE})},
	volume = {17},
	number = {2},
	pages = {29--48},
	author = {Laurent Valentin Jospin and Hamid Laga and Farid Boussaid and Wray Buntine and Mohammed Bennamoun},
	title = {Hands-On Bayesian Neural Networks{\textemdash}A Tutorial for Deep Learning Users},
	journal = {{IEEE} Computational Intelligence Magazine}
}

@inproceedings{NEURIPS2018_9c19a2aa,
 author = {Xu, Pan and Chen, Jinghui and Zou, Difan and Gu, Quanquan},
 booktitle = {Advances in Neural Information Processing Systems},
 editor = {S. Bengio and H. Wallach and H. Larochelle and K. Grauman and N. Cesa-Bianchi and R. Garnett},
 pages = {},
 publisher = {Curran Associates, Inc.},
 title = {Global Convergence of Langevin Dynamics Based Algorithms for Nonconvex Optimization},
 url = {https://proceedings.neurips.cc/paper/2018/file/9c19a2aa1d84e04b0bd4bc888792bd1e-Paper.pdf},
 volume = {31},
 year = {2018}
}


@article{langcvg,
author = {Alain Durmus and {\'E}ric Moulines},
title = {{Nonasymptotic convergence analysis for the unadjusted Langevin algorithm}},
volume = {27},
journal = {The Annals of Applied Probability},
number = {3},
publisher = {Institute of Mathematical Statistics},
pages = {1551 -- 1587},
keywords = {Langevin diffusion, Markov chain Monte Carlo, Metropolis adjusted Langevin algorithm, rate of convergence, total variation distance},
year = {2017},
doi = {10.1214/16-AAP1238},
URL = {https://doi.org/10.1214/16-AAP1238}
}


@article{Murata,
author = {Murata, Noboru},
year = {1998},
month = {05},
pages = {},
title = {A Statistical Study on On-line Learning}
}

@article{10.2307/26362880,
 ISSN = {00905364},
 URL = {http://www.jstor.org/stable/26362880},
 author = {Panos Toulis and Edoardo M. Airoldi},
 journal = {The Annals of Statistics},
 number = {4},
 pages = {1694--1727},
 publisher = {Institute of Mathematical Statistics},
 title = {ASYMPTOTIC AND FINITE-SAMPLE PROPERTIES OF ESTIMATORS BASED ON STOCHASTIC GRADIENTS},
 urldate = {2023-02-23},
 volume = {45},
 year = {2017}
}


@InProceedings{pmlr-v84-chee18a,
  title = 	 {Convergence diagnostics for stochastic gradient descent with constant learning rate},
  author = 	 {Chee, Jerry and Toulis, Panos},
  booktitle = 	 {Proceedings of the Twenty-First International Conference on Artificial Intelligence and Statistics},
  pages = 	 {1476--1485},
  year = 	 {2018},
  editor = 	 {Storkey, Amos and Perez-Cruz, Fernando},
  volume = 	 {84},
  series = 	 {Proceedings of Machine Learning Research},
  month = 	 {09--11 Apr},
  publisher =    {PMLR},
  pdf = 	 {http://proceedings.mlr.press/v84/chee18a/chee18a.pdf},
  url = 	 {https://proceedings.mlr.press/v84/chee18a.html}
}


@article {Pags2020UnadjustedLA,
AUTHOR = {Pag\`es, Gilles and Panloup, Fabien},
TITLE = {Unadjusted {L}angevin algorithm with multiplicative noise:
{T}otal variation and {W}asserstein bounds},
JOURNAL = {Ann. Appl. Probab.},
FJOURNAL = {The Annals of Applied Probability},
VOLUME = {33},
YEAR = {2023},
NUMBER = {1},
PAGES = {726--779},
ISSN = {1050-5164},
MRCLASS = {65C30 (37M25 60 62 93)},
MRNUMBER = {4551562},
DOI = {10.1214/22-aap1828},
URL = {https://doi.org/10.1214/22-aap1828},
}


@unpublished{bras:hal-03891234,
  TITLE = {{Convergence of Langevin-Simulated Annealing algorithms with multiplicative noise}},
  AUTHOR = {Bras, Pierre and Pag{\`e}s, Gilles},
  URL = {https://hal-cnrs.archives-ouvertes.fr/hal-03891234},
  NOTE = {31 pages + Supplementary Material (6 pages)},
  YEAR = {2021},
  MONTH = Sep,
  HAL_ID = {hal-03891234},
  HAL_VERSION = {v1},
}

@inproceedings{Jolliffe2002PrincipalCA,
  title={Principal Component Analysis},
  author={Ian T. Jolliffe},
  booktitle={International Encyclopedia of Statistical Science},
  year={2002}
}

@misc{bras2022langevin,
      title={Langevin algorithms for very deep Neural Networks with application to image classification}, 
      author={Pierre Bras},
      year={2022},
      eprint={2212.14718},
      archivePrefix={arXiv},
      primaryClass={cs.LG}
}

@misc{durmus2018highdimensional,
      title={High-dimensional Bayesian inference via the Unadjusted Langevin Algorithm}, 
      author={Alain Durmus and Eric Moulines},
      year={2018},
      eprint={1605.01559},
      archivePrefix={arXiv},
      primaryClass={math.ST}
}





















