% ADD YOUR OWN REFERENCES AT THE END OF THIS FILE.
% Below are a set of standard references to use for Belle II papers.

% Belle II Physics Book
@article{Kou:2018nap,
      author         = "Altmannshofer, W. and others",
      editor         = "Kou, E. and Urquijo, P.",
      title          = "{The Belle~II physics book}",
      journal        = "PTEP",
      volume         = "2019",
      year           = "2019",
      number         = "12",
      pages          = "123C01",
      doi            = "10.1093/ptep/ptz106",
      extraPrefix    = "Erratum",
      extraVolume    = "2020",
      extraPages     = "029201",
      extraYear      = "2020",
      extraDoi       = "10.1093/ptep/ptaa008",
      archivePrefix  = "arXiv",
      primaryClass   = "hep-ex",
      reportNumber   = "KEK Preprint 2018-27, BELLE2-PUB-PH-2018-001,
                        FERMILAB-PUB-18-398-T, JLAB-THY-18-2780, INT-PUB-18-047,
                        UWThPh 2018-26",
      SLACcitation   = "%%CITATION = ARXIV:1808.10567;%%"
}

% B factories
@article{Bevan:2014iga,
      author         = "Bevan, A. J. and others",
      title          = "{The physics of the \B factories}",
      collaboration  = "BaBar and Belle Collaborations",
      journal        = "Eur. Phys. J.",
      volume         = "C74",
      year           = "2014",
      pages          = "3026",
      doi            = "10.1140/epjc/s10052-014-3026-9",
      archivePrefix  = "arXiv",
      primaryClass   = "hep-ex",
      reportNumber   = "SLAC-PUB-15968, KEK-PREPRINT-2014-3,
                        FERMILAB-PUB-14-262-T",
      SLACcitation   = "%%CITATION = ARXIV:1406.6311;%%"
}

% Belle physics
@article{Brodzicka:2012jm,
      author         = "Brodzicka, Jolanta and others",
      title          = "{Physics achievements from the Belle experiment}",
      collaboration  = "Belle Collaboration",
      journal        = "PTEP",
      volume         = "2012",
      year           = "2012",
      pages          = "04D001",
      doi            = "10.1093/ptep/pts072",
      archivePrefix  = "arXiv",
      primaryClass   = "hep-ex",
      reportNumber   = "KEK-REPORT-2012-5",
      SLACcitation   = "%%CITATION = ARXIV:1212.5342;%%"
}

% CKM
@article{Kobayashi:1973fv,
      author         = "Kobayashi, Makoto and Maskawa, Toshihide",
      title          = "{\CP violation in the renormalizable theory of weak
                        interaction}",
      journal        = "Prog. Theor. Phys.",
      volume         = "49",
      year           = "1973",
      pages          = "652",
      doi            = "10.1143/PTP.49.652",
      reportNumber   = "KUNS-242",
      SLACcitation   = "%%CITATION = PTPKA,49,652;%%"
}

% Belle II TDR
@article{Abe:2010gxa,
      author         = "Abe, T.",
      title          = "{Belle II technical design report}",
      collaboration  = "Belle II Collaboration",
      year           = "2010",
      eprint         = "arXiv:1011.0352",
      archivePrefix  = "arXiv",
      primaryClass   = "physics.ins-det",
      reportNumber   = "KEK-REPORT-2010-1",
}

@inproceedings{Wang:2017ajq,
    author = "Wang, Boqun",
    title = "{The Construction and Commissioning of the Belle II iTOP Counter}",
    collaboration = "Belle II TOP Group",
    year = "2017",
    eprint = "arXiv:1709.09938",
    archivePrefix = "arXiv",
    primaryClass = "physics.ins-det",
    month = "9"
}

% SuperKEKB
@article{Akai:2018mbz,
      author         = "Akai, Kazunori and Furukawa, Kazuro and Koiso, Haruyo",
      title          = "{SuperKEKB collider}",
      journal        = "Nucl. Instrum. Meth.",
      volume         = "A907",
      year           = "2018",
      pages          = "188",
      doi            = "10.1016/j.nima.2018.08.017",
      archivePrefix  = "arXiv",
      primaryClass   = "physics.acc-ph",
      SLACcitation   = "%%CITATION = ARXIV:1809.01958;%%"
}

% SVD
@article{Belle-IISVD:2022upf,
    author = "Adamczyk, K. and others",
    collaboration = "Belle II SVD Group",
    title = "{The design, construction, operation and performance of the Belle~II silicon vertex detector}",
    archivePrefix = "arXiv",
    primaryClass = "physics.ins-det",
    doi = "10.1088/1748-0221/17/11/P11042",
    journal = "JINST",
    volume = "17",
    number = "11",
    pages = "P11042",
    year = "2022"
}

% EvtGen
@article{Lange:2001uf,
      author         = "Lange, D. J.",
      title          = "{The EvtGen particle decay simulation package}",
      booktitle      = "{Proceedings, 7th International Conference on \B physics
                        at hadron machines (BEAUTY 2000): Maagan, Israel,
                        September 13-18, 2000}",
      journal        = "Nucl. Instrum. Meth.",
      volume         = "A462",
      year           = "2001",
      pages          = "152",
      doi            = "10.1016/S0168-9002(01)00089-4",
      SLACcitation   = "%%CITATION = NUIMA,A462,152;%%"
}

% Pythia
@article{Sjostrand:2014zea,
      author         = {Sj\"{o}strand, Torbj\"{o}rn and Ask, Stefan and Christiansen,
                        Jesper R. and Corke, Richard and Desai, Nishita and Ilten,
                        Philip and Mrenna, Stephen and Prestel, Stefan and
                        Rasmussen, Christine O. and Skands, Peter Z.},
      title          = "{An Introduction to PYTHIA 8.2}",
      journal        = "Comput. Phys. Commun.",
      volume         = "191",
      year           = "2015",
      pages          = "159-177",
      doi            = "10.1016/j.cpc.2015.01.024",
      archivePrefix  = "arXiv",
      primaryClass   = "hep-ph",
      reportNumber   = "LU-TP-14-36, MCNET-14-22, CERN-PH-TH-2014-190,
                        FERMILAB-PUB-14-316-CD, DESY-14-178, SLAC-PUB-16122",
      SLACcitation   = "%%CITATION = ARXIV:1410.3012;%%"
}

% KKMC
@article{Jadach:1999vf,
      author         = "Jadach, S. and Ward, B. F. L. and W\c{a}s, Z.",
      title          = "{The precision Monte Carlo event generator KK for two-fermion
                        final states in $e^+e^-$ collisions}",
      journal        = "Comput. Phys. Commun.",
      volume         = "130",
      year           = "2000",
      pages          = "260",
      doi            = "10.1016/S0010-4655(00)00048-5",
      archivePrefix  = "arXiv",
      primaryClass   = "hep-ph",
      reportNumber   = "DESY-99-106, CERN-TH-99-235, UTHEP-99-08-01",
      SLACcitation   = "%%CITATION = HEP-PH/9912214;%%"
}

% TAUOLA
@article{Jadach:1990mz,
      author         = "Jadach, S. and Kuhn, J. H. and W\c{a}s, Z.",
      title          = "{TAUOLA: A library of Monte Carlo programs to simulate
                        decays of polarized tau leptons}",
      journal        = "Comput. Phys. Commun.",
      volume         = "64",
      year           = "1990",
      pages          = "275",
      doi            = "10.1016/0010-4655(91)90038-M",
      reportNumber   = "CERN-TH-5856-90",
      SLACcitation   = "%%CITATION = CPHCB,64,275;%%"
}

% PHOTOS
@article{Barberio:1990ms,
      author         = "Barberio, Elisabetta and van Eijk, Bob and W\c{a}s, Zbigniew",
      title          = "{PHOTOS: A universal Monte Carlo for QED radiative
                        corrections in decays}",
      journal        = "Comput. Phys. Commun.",
      volume         = "66",
      year           = "1991",
      pages          = "115",
      doi            = "10.1016/0010-4655(91)90012-A",
      reportNumber   = "CERN-TH-5857-90",
      SLACcitation   = "%%CITATION = CPHCB,66,115;%%"
}

@article{Barberio:1993qi,
    author = "Barberio, Elisabetta and Was, Zbigniew",
    title = "{PHOTOS: A Universal Monte Carlo for QED radiative corrections. Version 2.0}",
    reportNumber = "CERN-TH-7033-93",
    doi = "10.1016/0010-4655(94)90074-4",
    journal = "Comput. Phys. Commun.",
    volume = "79",
    pages = "291--308",
    year = "1994"
}

% GEANT 4
@article{Agostinelli:2002hh,
      author         = "Agostinelli, S. and others",
      title          = "{GEANT4: A simulation toolkit}",
      collaboration  = "GEANT4 collaboration",
      journal        = "Nucl. Instrum. Meth.",
      volume         = "A506",
      pages          = "250-303",
      doi            = "10.1016/S0168-9002(03)01368-8",
      year           = "2003",
      reportNumber   = "SLAC-PUB-9350, FERMILAB-PUB-03-339",
      SLACcitation   = "%%CITATION = NUIMA,A506,250;%%",
}

@article{Kuhr:2018lps,
      author         = "Kuhr, T. and Pulvermacher, C. and Ritter, M. and Hauth,
                        T. and Braun, N.",
      title          = "{The Belle II Core Software}",
      collaboration  = "Belle II Analysis Software Group",
      journal        = "Comput. Softw. Big Sci.",
      volume         = "3",
      year           = "2019",
      number         = "1",
      pages          = "1",
      doi            = "10.1007/s41781-018-0017-9",
      archivePrefix  = "arXiv",
      primaryClass   = "physics.comp-ph",
      SLACcitation   = "%%CITATION = ARXIV:1809.04299;%%"
}

% basf2 public repository
@misc{basf2-zenodo,
    collaboration = "{Belle II Analysis Software Group}",
    doi = {10.5281/zenodo.5574115},
    howpublished = "\url{https://doi.org/10.5281/zenodo.5574115}"
}
%    title = "{Belle II Analysis Software Framework (basf2)}",


% track finding
@article{Bertacchi:2020eez,
    author = "Bertacchi, Valerio and others",
    collaboration = "Belle II Tracking Group",
    title = "{Track finding at Belle II}",
    archivePrefix = "arXiv",
    primaryClass = "physics.ins-det",
    doi = "10.1016/j.cpc.2020.107610",
    journal = "Comput. Phys. Commun.",
    volume = "259",
    pages = "107610",
    year = "2021"
}

% track fitting, GENFIT2
@article{Bilka:2019ang,
    author = "Bilka, Tadeas and others",
    title = "{Implementation of GENFIT2 as an experiment independent track-fitting framework}",
    eprint = "1902.04405",
    archivePrefix = "arXiv",
    primaryClass = "physics.data-an",
    month = "2",
    year = "2019"
}

% alignment
@article{Bilka:2020kgr,
    author = "Bilka, Tadeas and others",
    editor = "Doglioni, C. and Kim, D. and Stewart, G. A. and Silvestris, L. and Jackson, P. and Kamle, W.",
    title = "{Alignment for the first precision measurements at Belle II}",
    doi = "10.1051/epjconf/202024502023",
    journal = "EPJ Web Conf.",
    volume = "245",
    pages = "02023",
    year = "2020"
}

% FEI
@article{Keck:2018lcd,
      author         = "Keck, T. and others",
      title          = "{The Full Event Interpretation}",
      journal        = "Comput. Softw. Big Sci.",
      volume         = "3",
      year           = "2019",
      number         = "1",
      pages          = "6",
      doi            = "10.1007/s41781-019-0021-8",
      archivePrefix  = "arXiv",
      primaryClass   = "hep-ex",
      reportNumber   = "DESY-19-048",
      SLACcitation   = "%%CITATION = ARXIV:1807.08680;%%"
}

% TreeFitter
@article{Krohn:2019dlq,
    author = "Krohn, J.-F. and others",
    collaboration = "Belle II Analysis Software Group",
    title = "{Global decay chain vertex fitting at Belle II}",
    archivePrefix = "arXiv",
    primaryClass = "hep-ex",
    doi = "10.1016/j.nima.2020.164269",
    journal = "Nucl. Instrum. Meth.",
    volume = "A976",
    pages = "164269",
    year = "2020"
}

% PDG
@article{ParticleDataGroup:2022pth,
    author = "Workman, R. L. and others",
    collaboration = "Particle Data Group",
    title = "{Review of Particle Physics}",
    doi = "10.1093/ptep/ptac097",
    journal = "PTEP",
    volume = "2022",
    pages = "083C01",
    year = "2022"
}

% HFLAV
@article{Amhis:2019ckw,
      author = "Amhis, Yasmine Sara and others",
      title = "{Averages of $b$-hadron, $c$-hadron, and $\tau$-lepton properties as of 2018}",
      collaboration = "Heavy Flavor Averaging Group",
      journal = "Eur. Phys. J.",
      volume = "C81",
      pages = "226",
      doi = "10.1140/epjc/s10052-020-8156-7",
      year = "2021",
      archivePrefix = "arXiv",
      primaryClass = "hep-ex",
      SLACcitation = "%%CITATION = ARXIV:1909.12524;%%",
      note = "{updated results and plots available at \url{https://hflav.web.cern.ch/}}",
}

% Crystal Ball function
%   Cite Gaiser:Phd and Skwarnicki:1986xj for the Crystal Ball function.
%   Modern Crystal Ball shape appears in Gaiser:Phd, and the analytical
%   normalization integral was later developed by Skwarnicki.
%   Olegria contributed early development, but the shape is different.
@phdthesis{Gaiser:Phd,
    author = "Gaiser, John",
    title = "{Charmonium spectroscopy from radiative decays of the $J/\psi$ and $\psi^\prime$}",
    reportNumber = "SLAC-R-255",
    school = "Stanford University",
    year = "1982"
}

@phdthesis{Skwarnicki:1986xj,
    author = "Skwarnicki, Tomasz",
    title = "{A study of the radiative CASCADE transitions between the Upsilon-Prime and Upsilon resonances}",
    reportNumber = "DESY-F31-86-02, DESY-F-31-86-02",
    school = "Cracow, INP",
    year = "1986"
}

%sPlot
@article{Pivk:2004ty,
      author         = "Pivk, Muriel and Le Diberder, Francois R.",
      title          = "{sPlot: A statistical tool to unfold data distributions}",
      journal        = "Nucl. Instrum. Meth.",
      volume         = "A555",
      pages          = "356-369",
      doi            = "10.1016/j.nima.2005.08.106",
      year           = "2005",
      archivePrefix  = "arXiv",
      primaryClass   = "physics.data-an",
      reportNumber   = "LAL-04-07",
      SLACcitation   = "%%CITATION = PHYSICS/0402083;%%",
}

% ADD YOUR OWN REFERENCES BELOW

@misc{charge-conjugates,
note = "Throughout this paper, charge-conjugate modes are implicitly included unless noted otherwise."
}

%  Ds+ lifetime measurements

@article{LHCb:2017knt,
    author = "Aaij, Roel and others",
    collaboration = "LHCb Collaboration",
    title = "{Measurement of $B^{0}_{s}$ and $D^{-}_{s}$ meson lifetimes}",
    archivePrefix = "arXiv",
    primaryClass = "hep-ex",
    reportNumber = "CERN-EP-2017-070, LHCB-PAPER-2017-004",
    doi = "10.1103/PhysRevLett.119.101801",
    journal = "Phys. Rev. Lett.",
    volume = "119",
    number = "10",
    pages = "101801",
    year = "2017"
}

@article{FOCUS:2005gui,
    author = "Link, J. M. and others",
    collaboration = "FOCUS Collaboration",
    title = "{A Measurement of the D+(s) lifetime}",
    archivePrefix = "arXiv",
    reportNumber = "FERMILAB-PUB-05-085-E",
    doi = "10.1103/PhysRevLett.95.052003",
    journal = "Phys. Rev. Lett.",
    volume = "95",
    pages = "052003",
    year = "2005"
}

@article{SELEX:2001miq,
    author = "Iori, M and others",
    collaboration = "SELEX Collaboration",
    title = "{Measurement of the $D^{\pm}_s$ Lifetime}",
    archivePrefix = "arXiv",
    reportNumber = "FERMILAB-PUB-01-086-E",
    doi = "10.1016/S0370-2693(01)01320-X",
    journal = "Phys. Lett. B",
    volume = "523",
    pages = "22--28",
    year = "2001"
}

@article{E791:1998zjs,
    author = "Aitala, E. M. and others",
    collaboration = "E791 Collaboration",
    title = "{Measurement of the D(s) lifetime}",
    archivePrefix = "arXiv",
    reportNumber = "USCHEP-9801, FERMILAB-PUB-98-320-E",
    doi = "10.1016/S0370-2693(98)01476-2",
    journal = "Phys. Lett. B",
    volume = "445",
    pages = "449--454",
    year = "1999"
}

@article{CLEO:1999xvl,
    author = "Bonvicini, G. and others",
    collaboration = "CLEO Collaboration",
    title = "{Measurement of charm meson lifetimes}",
    archivePrefix = "arXiv",
    reportNumber = "SLAC-REPRINT-1999-096, CLNS-99-1603, CLEO-99-2",
    doi = "10.1103/PhysRevLett.82.4586",
    journal = "Phys. Rev. Lett.",
    volume = "82",
    pages = "4586--4590",
    year = "1999"
}

@article{E687:1993lxk,
    author = "Frabetti, P. L. and others",
    collaboration = "E687 Collaboration",
    title = "{A Precise measurement of the D(S)+- meson lifetime}",
    reportNumber = "FERMILAB-PUB-93-030-E",
    doi = "10.1103/PhysRevLett.71.827",
    journal = "Phys. Rev. Lett.",
    volume = "71",
    pages = "827--830",
    year = "1993"
}

@article{TaggedPhotonSpectrometer:1987poq,
    author = "Raab, J. R. and others",
    collaboration = "E691 Collaboration",
    title = "{Measurement of the D0, D+ and D(s)+ Lifetimes}",
    reportNumber = "FERMILAB-PUB-87-144-E",
    doi = "10.1103/PhysRevD.37.2391",
    journal = "Phys. Rev. D",
    volume = "37",
    pages = "2391--2402",
    year = "1988"
}

% end lifetime measurements

@article{Lenz:2014jha,
    author = "Lenz, Alexander",
    editor = "Bigi, Ikaros I and Gambino, Paolo and Mannel, Thomas",
    title = "{Lifetimes and heavy quark expansion}",
    archivePrefix = "arXiv",
    primaryClass = "hep-ph",
    reportNumber = "IPPP-14-46, DCPT-14-92, IPPP/14/46 DCPT/14/92",
    doi = "10.1142/S0217751X15430058",
    journal = "Int. J. Mod. Phys. A",
    volume = "30",
    number = "10",
    pages = "1543005",
    year = "2015"
}

@article{Belle-IIanalysissoftwareGroup:2019dlq,
    author = "Krohn, J. -F. and others",
    collaboration = "Belle II Analysis Software Group",
    title = "{Global decay chain vertex fitting at Belle II}",
    archivePrefix = "arXiv",
    primaryClass = "hep-ex",
    doi = "10.1016/j.nima.2020.164269",
    journal = "Nucl. Instrum. Meth. A",
    volume = "976",
    pages = "164269",
    year = "2020"
}

@article{Neubert:1997gu,
    author = "Neubert, Matthias",
    editor = "Buras, A. J. and Lindner, M.",
    title = "{B decays and the heavy quark expansion}",
    archivePrefix = "arXiv",
    reportNumber = "CERN-TH-97-024, CERN-TH-97-24",
    doi = "10.1142/9789812812667_0003",
    journal = "Adv. Ser. Direct. High Energy Phys.",
    volume = "15",
    pages = "239--293",
    year = "1998"
}

@article{Uraltsev:2000qw,
    author = "Uraltsev, Nikolai",
    editor = "Shifman, M. and Ioffe, Boris",
    title = "{Topics in the heavy quark expansion}",
    eprint = "hep-ph/0010328",
    archivePrefix = "arXiv",
    reportNumber = "UND-HEP-00-BIG-07, UND-HEP-00-BIG07",
    doi = "10.1142/9789812810458_0034",
    month = "10",
    year = "2000"
}

@article{PhysRevD.88.034004,
  title = {$D$-meson lifetimes within the heavy quark expansion},
  author = {Lenz, Alexander and Rauh, Thomas},
  journal = {Phys. Rev. D},
  volume = {88},
  issue = {3},
  pages = {034004},
  numpages = {16},
  year = {2013},
  month = {Aug},
  publisher = {American Physical Society},
  doi = {10.1103/PhysRevD.88.034004}
}

@article{Kirk:2017juj,
    author = "Kirk, M. and Lenz, A. and Rauh, T.",
    title = "{Dimension-six matrix elements for meson mixing and lifetimes from sum rules}",
    archivePrefix = "arXiv",
    primaryClass = "hep-ph",
    reportNumber = "IPPP/17/65, IPPP-17-65",
    doi = "10.1007/JHEP12(2017)068",
    journal = "JHEP",
    volume = "12",
    pages = "068",
    year = "2017",
    note = "[Erratum: JHEP 06, 162 (2020)]"
}

@article{Gratrex:2022xpm,
    author = "Gratrex, James and Meli\'c, Bla\v{z}enka and Ni\v{s}and\v{z}i\'c, Ivan",
    title = "{Lifetimes of singly charmed hadrons}",
    archivePrefix = "arXiv",
    primaryClass = "hep-ph",
    reportNumber = "RBI-ThPhys-2022-8",
    doi = "10.1007/JHEP07(2022)058",
    journal = "JHEP",
    volume = "07",
    pages = "058",
    year = "2022"
}

@article{Morrison:1989xq,
    author = "Morrison, Rollin J. and Witherell, Michael S.",
    title = "{D Mesons}",
    reportNumber = "UCSB-HEP-89-01",
    doi = "10.1146/annurev.ns.39.120189.001151",
    journal = "Ann. Rev. Nucl. Part. Sci.",
    volume = "39",
    pages = "183--230",
    year = "1989"
}

@article{Browder:1996af,
    author = "Browder, Thomas E. and Honscheid, Klaus and Pedrini, Daniele",
    title = "{Nonleptonic decays and lifetimes of $b$ quark and $c$ quark hadrons}",
    archivePrefix = "arXiv",
    reportNumber = "UH-511-848-96, OHSTPY-HEP-E-96-006",
    doi = "10.1146/annurev.nucl.46.1.395",
    journal = "Ann. Rev. Nucl. Part. Sci.",
    volume = "46",
    pages = "395--469",
    year = "1996"
}

@article{FlavourLatticeAveragingGroupFLAG:2021npn,
    author = "Aoki, Y. and others",
    collaboration = "Flavour Lattice Averaging Group (FLAG)",
    title = "{FLAG Review 2021}",
    archivePrefix = "arXiv",
    primaryClass = "hep-lat",
    reportNumber = "CERN-TH-2021-191, JLAB-THY-21-3528, FERMILAB-PUB-21-620-SCD-T",
    doi = "10.1140/epjc/s10052-022-10536-1",
    journal = "Eur. Phys. J. C",
    volume = "82",
    number = "10",
    pages = "869",
    year = "2022"
}

